3300 6434
362 1228 469 1309 1166.]
754 1248 932 1293 nnrsrosar.
1248 1241 1310 1298 247

346 1398 585 1481 respondemus
615 1400 742 1473 affectu,
774 1402 865 1463 Deus
903 1411 1007 1464 autem
1039 1402 1154 1465 caritas
1191 1417 1307 1468 nostrae

351 1500 475 1563 caritati
504 1497 717 1582 proculdubio
746 1498 956 1582 respondebit
985 1503 1113 1578 effectu,
1142 1516 1178 1566 ut
1206 1504 1305 1587 juxta

351 1599 439 1684 quod
462 1599 618 1682 promisit,
644 1620 822 1663 mensuram
847 1601 964 1664 bonam
989 1611 1022 1665 et
1045 1602 1251 1684 coagitatam,
1273 1613 1305 1667 et

351 1699 631 1783 supereffluentem
652 1699 798 1763 refundat
813 1701 846 1762 in
868 1701 972 1764 sinum
988 1712 1138 1765 restrum.
1184 1704 1223 1766 In
1239 1724 1302 1787 qua

343 1811 458 1863 „autem
495 1799 680 1864 conditione
717 1815 855 1864 versetur
891 1824 988 1867 causa
1022 1815 1136 1882 vestra,
1172 1804 1303 1872 domino

349 1899 505 1983 episcopo
520 1901 644 1983 scripsi,
660 1913 693 1964 et
707 1901 825 1965 exinde
846 1924 917 1986 qurc
941 1904 1027 1966 circs
1048 1925 1108 1966 nos
1120 1916 1196 1968 sunt
1209 1904 1303 1969 nobis

351 1999 478 2082 plenius
489 2001 703 2064 innotescent:
720 2023 833 2085 precor
845 2003 954 2086 itaque
969 2014 1004 2066 ut
1015 2003 1302 2086 peregrinationem

352 2111 492 2164 nostram
506 2103 617 2164 restris
627 2113 661 2165 et
669 2115 849 2166 sanctorum
866 2104 921 2187 qui
938 2104 1025 2186 apud
1036 2117 1177 2168 rossum
1188 2105 1302 2168 oratio·

352 2201 447 2264 nibus
469 2202 636 2285 adjuvetis,
657 2224 696 2266 ne
717 2202 845 2267 deficiat
867 2204 949 2267 fides
968 2216 1085 2279 nostra,
1102 2216 1157 2268 aut
1178 2204 1301 2288 aliquid

350 2303 506 2366 faciamus
521 2303 563 2366 ad
578 2304 739 2367 turbinem
753 2304 850 2388 hujus
864 2306 1025 2387 proculire,
1040 2303 1126 2368 unde
1142 2305 1303 2369 Dominus

349 2401 540 2479 offendatur,
554 2403 612 2467 sed
633 2404 721 2487 quod
742 2425 836 2468 suum
851 2415 900 2467 est
914 2406 1021 2483 iaciat,
1036 2426 1109 2468 cum
1125 2405 1301 2469 tentatione

348 2503 445 2567 etiam
467 2515 672 2588 proventum:
696 2516 728 2568 et
744 2504 874 2587 quidem
890 2506 958 2590 jam
982 2505 1081 2589 coepi,
1096 2506 1172 2589 quia
1191 2517 1223 2569 et
1245 2506 1300 2570 de·

349 2604 509 2667 sotionem
525 2604 660 2668 contulit
674 2625 731 2687 pro
741 2604 868 2688 justitia
882 2604 1037 2687 patiendi,
1048 2616 1080 2667 et
1094 2605 1299 2669 acerbitatem

348 2705 503 2787 mitigavit
527 2706 634 2769 exilii:
669 2707 769 2768 levius
799 2707 885 2768 enim
911 2715 960 2768 est
989 2705 1086 2768 modo
1113 2726 1210 2788 quam
1240 2706 1299 2769 suit

346 2805 400 2869 die
430 2809 542 2890 prima
596 2807 763 2890 Numquid
789 2807 876 2870 enim
902 2805 1026 2889 aliquid
1053 2806 1155 2869 defuit
1179 2804 1297 2869 nobis?

347 2927 455 2969 nonne
467 2909 552 2970 enim
568 2909 676 2989 plures
691 2907 846 2970 habemus
861 2905 958 2968 modo
973 2917 1068 2969 notos
1078 2916 1111 2968 et
1122 2907 1301 2984 familiares,

346 3006 449 3088 etqui
469 3026 609 3068 amorem
632 3026 727 3088 quem
750 3003 947 3088 profitentur,
963 3005 1140 3067 officiorum
1155 3018 1187 3068 et
1200 3006 1299 3069 bene·

348 3105 494 3176 liciorum
515 3106 712 3169 exhibitione
734 3104 957 3169 declararunt?
996 3106 1140 3167 Afferunt
1162 3125 1238 3185 erge
1258 3105 1299 3168 ad

346 3206 464 3269 amoris
481 3205 777 3291 comprobationem
799 3205 1016 3270 testimonium
1035 3204 1139 3289 majus
1154 3206 1299 3269 Joanne:

346 3308 543 3391 operaenim
567 3328 637 3392 quae
659 3307 722 3391 ipsi
737 3308 868 3383 'faciunt
890 3307 1105 3369 testimonium
1129 3306 1298 3389 perbibent

345 3411 387 3473 de
402 3410 458 3474 eis.

346 3666 569 3730 EPISTOLA
592 3667 799 3730 CLVL-sn
815 3682 991 3728 arceantur
1007 3681 1164 3727 remens
1181 3682 1283 3729 sunu.

430 3774 431 3777 ’
715 3766 758 3845 [s.
772 3786 803 3828 n.
823 3764 933 3843 1166.]

698 3903 736 3964 R.
754 3902 869 3964 Fratri
882 3922 949 3963 suo.

389 4021 469 4083 Tim
484 4023 653 4106 perpaucis
673 4021 799 4105 scripsi,
814 4023 890 4105 quia
907 4031 1022 4084 statum
1044 4041 1149 4083 meum
1165 4033 1229 4083 tam
1252 4044 1294 4085 ex

346 4123 459 4186 litteris
481 4121 611 4185 domino
634 4122 789 4205 episcopo
811 4120 926 4194 missis,
944 4139 1039 4201 quam
1063 4139 1105 4179 ex
1127 4118 1199 4199 ipsa
1214 4140 1293 4184 voce

345 4223 454 4285 latoris
482 4244 647 4303 agnosces.
692 4224 800 4292 Quum
831 4239 903 4281 vero
934 4218 1010 4300 quid
1035 4218 1135 4280 relatu
1161 4217 1293 4299 dignum

345 4323 516 4401 emerserit,
541 4320 623 4386 illud
651 4321 711 4383 tibi
735 4319 914 4400 significare
944 4339 1010 4380 non
1040 4316 1193 4381 differam.
1242 4320 1294 4384 Tu

345 4443 419 4486 vero
433 4423 558 4485 interim
572 4421 739 4485 consilium
755 4429 788 4482 et
804 4420 998 4483 voluntatem
1014 4419 1134 4482 domini
1150 4420 1294 4504 episcopi

344 4531 378 4586 et
411 4521 590 4604 M[agistri]
632 4520 825 4600 Blaldwini]
864 4520 1090 4583 Archidiaconi
1127 4518 1294 4603 diligenter

344 4624 487 4707 exploro,
513 4636 545 4687 et
570 4623 710 4687 animum
742 4622 874 4686 aliorum
900 4622 1085 4695 amicorum,
1113 4632 1147 4684 ut
1176 4642 1217 4684 ex
1243 4623 1294 4687 his

345 4735 475 4787 auctore
499 4724 640 4786 Domino
664 4735 719 4785 aut
740 4722 906 4795 rescribas,
934 4732 988 4785 aut
1013 4721 1182 4805 exequaris
1207 4723 1293 4805 quod

345 4823 485 4888 maxime
501 4825 659 4887 ridebitur
670 4822 830 4906 expedire.
864 4824 932 4887 Neo
947 4843 1040 4906 super
1055 4842 1127 4885 meo
1142 4824 1296 4887 merearis
