3300 6434
349 1236 544 1317 1159-6t.]
738 1255 917 1299 seurota.
1241 1245 1301 1302 tos

344 1430 423 1483 esse,
435 1405 466 1469 in
482 1404 649 1491 praesentia
663 1415 771 1468 nostra
781 1416 977 1489 conquestus
989 1415 1048 1482 est,
1061 1409 1225 1489 postulans
1240 1406 1300 1471 sibi

343 1508 384 1573 de
401 1508 442 1573 G.
459 1508 648 1594 presbytero
667 1505 707 1569 dc
723 1504 966 1581 Wicbelcmera,
981 1504 1039 1590 qui
1054 1528 1107 1569 eas
1120 1507 1302 1592 occupavit,

343 1623 376 1675 et
391 1609 531 1696 quodam
549 1609 661 1688 milite,
678 1607 830 1683 Ricardo,
846 1607 903 1693 qui
919 1606 1009 1674 fundi
1025 1606 1173 1672 domiuus
1194 1621 1254 1686 est,
1268 1622 1301 1672 et

343 1712 513 1799 occupanti
538 1709 767 1796 patrocinatur,
786 1709 946 1795 justitiam
962 1708 1115 1774 exbiberi.
1155 1709 1302 1775 Partibus

344 1833 422 1877 vero
434 1810 560 1875 tandem
575 1808 788 1896 peremptoria
803 1810 855 1874 die
871 1811 1014 1897 proefixa,
1028 1832 1128 1896 quum
1145 1810 1302 1896 praefatus

345 1912 409 1976 An.
425 1911 560 1987 adesset,
577 1932 651 1995 pars
666 1912 798 1975 adversa
813 1912 1063 1998 tergiversando,
1075 1912 1116 1975 ad
1132 1912 1302 1977 frustrato-

345 2011 408 2075 rias
417 2010 584 2074 dilationes
595 2010 751 2093 confugit,
764 2033 844 2097 quas
855 2034 956 2097 quum
968 2012 1013 2074 eis
1023 2012 1108 2095 juris
1116 2011 1198 2074 ratio
1209 2010 1304 2075 dene·

345 2125 462 2197 gasset,
480 2109 656 2194 jamdictus
683 2109 772 2173 miles
794 2111 854 2174 sibi
880 2133 899 2174 a
921 2111 1020 2174 nobili
1043 2110 1113 2173 viro
1139 2109 1303 2174 Willelmo

346 2214 445 2277 fratre
460 2215 555 2296 regis,
570 2211 699 2274 domino
715 2234 783 2291 suo,
798 2212 881 2276 dixit
902 2235 969 2275 esse
984 2210 1193 2297 prohibitum,
1209 2233 1249 2273 ne
1264 2232 1303 2274 eo

347 2314 489 2389 absente,
511 2335 607 2399 super
629 2310 769 2391 decimis,
788 2312 828 2376 de
851 2312 970 2397 quibus
989 2312 1157 2397 agebatur,
1176 2334 1303 2377 causam

347 2414 578 2501 ingrederetur.
598 2415 863 2479 Praememoratus
873 2436 1004 2499 quoque
1016 2413 1191 2498 presbyter,
1201 2436 1304 2500 quum

347 2516 458 2581 cedere
474 2515 596 2580 videret
618 2514 763 2591 militem,
779 2515 873 2600 cujus
892 2515 1069 2600 patrocinio
1084 2514 1257 2595 nitebatur,
1272 2537 1304 2579 se

347 2641 409 2682 non
418 2618 618 2703 litigaturum
632 2616 807 2701 respondit.
835 2618 941 2694 Quum
954 2639 1031 2701 ergo
1040 2629 1128 2681 actor
1139 2617 1306 2702 productis

348 2719 471 2783 idoneis
487 2719 634 2798 testibus,
648 2719 768 2806 quibus
788 2719 984 2797 abundabat,
999 2741 1120 2782 summa
1141 2718 1304 2797 instantia,

348 2835 386 2885 ut
401 2825 501 2908 ipsius
515 2818 662 2907 probatio
684 2821 891 2907 reciperetur,
906 2820 1030 2885 anobis
1047 2819 1258 2906 impetrasset,
1272 2833 1305 2885 et

348 2945 385 2986 ea
400 2937 525 3005 recepta
540 2921 671 2985 consilio
684 2920 795 3005 synodi
811 2944 912 3005 quum
931 2944 989 3006 pro
1002 2944 1041 2984 eo
1055 2921 1150 2986 laturi
1166 2943 1305 2987 essemus

348 3022 549 3099 sententiam,
564 3021 756 3107 saepedictus
777 3023 945 3107 presbyter
959 3022 1001 3088 ad
1017 3036 1153 3086 vestram
1174 3021 1306 3086 audien·

349 3124 426 3189 tiam
449 3121 633 3209 appellarit,
656 3122 739 3187 diem
763 3124 933 3209 praefigens
957 3126 1061 3193 Quasi
1083 3126 1172 3187 modo
1191 3126 1304 3205 geniti

350 3225 417 3290 Vos
431 3226 540 3311 itaque
555 3237 652 3310 prout
665 3226 756 3289 Deus
771 3226 861 3290 vobis
875 3226 1088 3312 inspiraverit,
1100 3247 1204 3289 causae
1220 3224 1308 3289 debi-

348 3339 417 3391 tum
433 3326 527 3390 finem
543 3326 723 3414 imponetis.

541 3625 763 3687 EPISTOLA
786 3624 946 3687 CX.-so
962 3640 1115 3685 sunnam.

594 3775 732 3837 Domino
748 3776 852 3856 Popoe
868 3770 1065 3836 Alenandro.

399 3922 566 3996 Macran,
580 3918 761 3985 dulcissime
775 3934 879 4007 pater,
894 3941 1139 4006 conceperamus
1152 3918 1310 4002 laetitiam,

352 4034 524 4107 sperantes,
546 4033 584 4089 ut
605 4023 690 4089 fama
712 4037 790 4101 erat,
814 4047 871 4088 nos
892 4023 973 4088 citra
995 4022 1092 4109 Alpes
1114 4046 1206 4109 posse
1228 4047 1309 4110 prae-

350 4123 460 4189 sentiae
486 4140 599 4189 vcstrae
621 4125 735 4191 solatio
757 4126 900 4190 recreari.
945 4128 1045 4189 Versa
1070 4137 1118 4188 est
1145 4137 1249 4189 tamen
1274 4127 1308 4189 in

349 4225 471 4293 luctum
494 4228 628 4312 cythara
643 4240 763 4304 nostra,
780 4243 811 4292 et
832 4226 986 4311 gaudium
1003 4225 1126 4290 transiit
1148 4225 1179 4288 in
1195 4248 1310 4292 moero-

351 4347 429 4403 rem,
455 4349 495 4389 ex
523 4348 588 4410 quo
614 4350 673 4412 pro
699 4340 788 4391 certo
813 4326 905 4389 nobis
934 4325 1087 4401 innotuit,
1114 4326 1202 4411 quod
1233 4327 1310 4391 urbs

351 4424 584 4490 beatitudinem
616 4440 754 4491 vestram
785 4425 932 4490 invidens
962 4423 1145 4511 Cisalpinis‚
1175 4427 1310 4492 nominis

352 4525 450 4590 vestri
472 4526 574 4612 gloria
597 4527 709 4593 maluit
731 4526 895 4592 illustrari.
949 4530 1060 4601 Quum
1081 4549 1158 4611 ergo
1184 4542 1310 4615 aposto-

353 4627 437 4691 latus
452 4628 549 4693 vestri
561 4628 685 4691 culmen
701 4650 897 4715 nequeamus
908 4650 967 4714 pro
982 4641 1058 4692 voto
1072 4628 1210 4708 visitare,
1220 4629 1311 4715 quod

352 4748 535 4812 possumus,
563 4728 680 4793 iterum
710 4750 768 4815 per
796 4727 937 4808 nuntios,
963 4727 1125 4793 celeritate
1154 4728 1311 4827 adhibita,

352 4841 514 4893 consuetae
525 4827 717 4894 visitationis
728 4827 949 4914 supplebimus
959 4828 1158 4914 obsequium.
1185 4833 1312 4903 Placeat
