3300 6434
272 1220 378 1300 tlon]
657 1232 831 1285 arrsroms,
876 1235 880 1242 ’
1155 1215 1219 1274 969

269 1388 356 1473 quod
371 1385 410 1450 ad
426 1386 569 1450 animum
581 1383 614 1445 in
627 1379 765 1445 adversis
779 1377 978 1463 erigendum,
992 1391 1025 1442 et
1037 1379 1219 1445 Christiano

267 1490 407 1553 mundus
416 1500 501 1551 totus
511 1483 641 1549 exilium
652 1493 710 1558 est,
720 1480 796 1545 dum
809 1480 1056 1566 peregrinatura
1066 1480 1218 1558 Domino,

270 1602 307 1656 nt
326 1609 502 1675 numquam
526 1583 682 1671 prosperis
703 1581 881 1647 extollatur.
929 1583 1063 1647 Cessent
1083 1605 1160 1666 ergo
1178 1583 1220 1647 de

271 1690 417 1756 ludibriis
432 1689 568 1752 fortunae
582 1684 737 1772 querclae:
759 1684 800 1748 de
817 1682 949 1770 reliquo,
965 1683 1042 1747 dum
1060 1706 1127 1762 nos,
1143 1706 1222 1771 qua·

272 1807 365 1857 tenus
379 1791 455 1854 licet
466 1788 722 1875 aquoestionibus
733 1785 956 1873 philosophicis
971 1808 1034 1851 non
1050 1774 1221 1863 cessemus,
1265 1869 1271 1883 Ι

272 1893 495 1976 indulgeamus
530 1890 811 1978 persequutoribus
846 1888 970 1965 nostris,
1006 1889 1222 1955 nescientibus

273 1997 404 2060 sortasse
430 1995 507 2083 quid
533 1995 665 2075 faciunt,
689 2006 722 2057 et
747 1991 886 2078 proelatis
916 1990 1131 2055 Ecclesiarurn
1158 2012 1222 2055 non

274 2097 474 2174 vestratibus,
490 2097 547 2161 sed
562 2096 754 2161 nostratibus
769 2095 851 2174 dico,
865 2094 931 2180 qui,
948 2093 1034 2180 quod
1051 2094 1130 2158 Caio
1146 2095 1225 2159 Cas·

274 2199 320 2263 sio
338 2200 450 2264 Cicero
465 2200 497 2260 in
513 2196 647 2283 epistola
657 2197 698 2261 ad
709 2196 847 2260 eundern
860 2196 1003 2261 Cassium
1019 2195 1224 2282 improperat,

270 2303 338 2386 jarn
360 2300 500 2365 arnolto
522 2314 665 2385 ternpore
687 2299 794 2363 virtuti
816 2310 850 2362 et
871 2298 974 2363 officio
995 2321 1053 2363 sno
1075 2298 1223 2363 nuntium

277 2404 476 2485 remiserunt,
504 2425 565 2467 nec
594 2425 667 2467 curn
698 2402 744 2465 eis
769 2412 867 2484 agant
894 2400 1018 2464 deliniti
1046 2399 1164 2466 divitiis
1191 2411 1227 2465 et

275 2505 434 2570 illecebris
454 2505 662 2590 voluptatum.
709 2503 853 2588 Expecto
873 2525 892 2566 a
911 2503 1013 2587 gratia
1027 2514 1131 2568 restra
1150 2502 1227 2568 resi·

278 2608 377 2672 duum
397 2607 594 2671 Hierarchiae
608 2605 780 2685 transferri,
792 2615 829 2668 ot
839 2618 941 2669 vestro
956 2605 1123 2682 beneficio,
1139 2603 1229 2670 robis

275 2710 316 2773 ad
337 2722 489 2772 aeternam
514 2708 658 2792 gloriam,
685 2706 815 2770 Francis
838 2706 902 2770 suis
922 2706 1034 2769 beatus
1055 2706 1227 2793 Dionysius

278 2810 404 2896 plenius
433 2810 620 2873 innotescat.
675 2808 809 2872 Utinam
840 2809 934 2872 detur
962 2808 1041 2871 mihi
1071 2808 1158 2873 locus
1186 2808 1229 2873 ad

279 2914 377 2999 pedes
401 2926 520 2977 vestros
545 2925 582 2975 nt
611 2933 684 2974 cnm
717 2911 822 2973 Maria
851 2912 983 2973 sedente
1011 2934 1102 2976 secus
1130 2912 1229 2997 pedes

281 3012 410 3087 Christi,
422 3033 517 3096 quem
531 3010 562 3071 in
574 3010 668 3072 corde
679 3024 781 3071 vestro
791 3008 934 3071 habitare
946 3011 1082 3087 conlido,
1093 3013 1230 3077 coelestis

279 3111 397 3176 oraculi
414 3112 510 3175 verba
521 3124 554 3174 ct
564 3132 648 3174 verre
664 3108 871 3194 philosophice
886 3109 1059 3174 sententias
1073 3112 1229 3197 excipiam

279 3215 320 3279 ab
341 3237 394 3278 ore
414 3225 529 3278 vestro.
578 3213 642 3276 Sed
665 3213 724 3276 hoc
744 3211 937 3276 desiderium
962 3235 1071 3276 meum
1094 3212 1231 3301 impedit

283 3317 457 3402 indignatio
473 3316 555 3401 regis
573 3314 760 3399 Anglorum,
777 3316 829 3380 cui
844 3315 910 3393 ille,
928 3316 983 3402 qui
1005 3316 1100 3381 corda
1119 3338 1230 3401 regum

283 3421 400 3505 dirigit,
425 3422 545 3485 tribuat
569 3423 594 3483 si
619 3420 724 3504 placet
746 3418 955 3496 intellectum,
979 3430 1014 3481 ut
1035 3419 1135 3503 sapiat
1157 3441 1232 3505 quae

284 3522 346 3585 Dei
369 3534 451 3586 sunt.
499 3520 631 3583 Interim
654 3520 739 3604 quod
761 3539 890 3602 possum
913 3516 1104 3600 dignationis
1118 3532 1232 3585 vestroe
1264 3541 1267 3546 ’

283 3623 418 3707 genibus
441 3621 633 3707 provolutos,
648 3621 795 3705 precibus
817 3632 849 3682 ct
872 3618 985 3683 litteris
1005 3620 1095 3705 pulso
1114 3622 1235 3709 snppli-

285 3746 370 3804 cans,
397 3737 431 3787 ut
456 3723 488 3786 in
515 3722 716 3808 explananda
744 3721 949 3786 translatione
978 3724 1065 3787 beati
1089 3725 1235 3814 Dionysii

288 3847 340 3889 me
354 3837 458 3889 restra
472 3824 634 3889 sinceritas
653 3826 803 3908 dignetur
821 3824 940 3891 audire.
988 3826 1041 3890 Ad
1060 3826 1119 3893 hoc
1134 3851 1237 3917 nuper

288 3927 320 3991 in
337 3926 419 3992 libro
440 3926 525 3991 beati
544 3927 706 3992 Ambrosii
721 3927 761 3991 de
778 3927 1000 3993 lncarnationc
1022 3931 1111 3994 verbi
1130 3932 1237 3997 obsta·

288 4029 395 4093 culum
424 4028 539 4116 reperi,
562 4030 646 4115 quod
674 4030 780 4094 nullus
806 4030 1027 4114 magistrorum
1057 4044 1236 4097 nostrorum

288 4131 403 4195 sufficit
423 4154 581 4211 amovere,
600 4132 676 4219 quia
698 4134 824 4196 Graecae
845 4133 964 4215 linguae
986 4147 1131 4217 expertes
1152 4146 1235 4201 sunt.

292 4234 371 4297 Haec
381 4247 488 4298 autem
499 4246 572 4298 sunt
581 4235 678 4298 rerba
690 4232 851 4298 Ambrosii
861 4233 1009 4298 facientia
1018 4238 1237 4320 quaestionem.

290 4334 423 4399 Ousiam
444 4336 492 4399 ita*
508 4336 642 4400 Latinus
663 4336 889 4420 interpretatus
903 4347 962 4414 est,
978 4347 1015 4401 ut
1029 4337 1238 4404 substantiam

287 4436 417 4501 diceret.
464 4437 564 4503 Ousia
586 4451 692 4502 autem
721 4438 854 4502 Domini
880 4460 980 4525 quum
1010 4439 1135 4517 dicitur,
1161 4440 1240 4527 quid

288 4538 376 4602 aliud
396 4538 554 4623 significat
577 4541 636 4604 nisi
660 4539 838 4604 Dominum
863 4563 990 4627 semper
1009 4541 1105 4606 esse?
1142 4543 1240 4618 Quod

291 4642 406 4724 litterae
425 4643 503 4727 ipsae
526 4642 719 4728 exprimunt,
737 4642 882 4729 quamvis
902 4642 1009 4708 divina
1024 4644 1112 4710 ousia
1126 4645 1155 4710 ai
1171 4657 1243 4713 acta

290 4744 332 4825 ai,
357 4743 417 4807 hoc
443 4762 491 4809 cst
513 4766 612 4832 quum
640 4744 680 4809 sit
705 4766 842 4831 semper,
868 4745 969 4810 Ousia
994 4745 1121 4823 dicitur,
1148 4748 1243 4815 unius

290 4845 406 4909 litterae
421 4860 544 4911 mutato
555 4847 666 4912 ordine
677 4858 806 4934 propter
817 4869 929 4912 sonum
946 4859 979 4912 et
994 4850 1242 4936 competentiam
