3300 6434
349 1236 458 1315 1166.]
733 1250 911 1295 nersrocar.
1233 1238 1296 1296 989

346 1404 462 1467 babere
485 1404 580 1481 dixit,
595 1403 760 1486 appellans
784 1423 827 1465 ex
849 1414 937 1484 parte
953 1413 984 1464 et
1006 1403 1133 1464 nomiae
1156 1403 1249 1483 regis,
1265 1415 1297 1465 et

346 1504 496 1567 mandato
512 1505 592 1587 ejus,
607 1516 640 1567 nt
665 1505 780 1580 aiebat,
795 1501 930 1564 eundem
955 1502 1229 1585 archiepiscopum
1254 1504 1296 1566 ad

345 1604 540 1667 audientiam
552 1603 672 1666 domini
684 1624 776 1686 papae
790 1600 980 1677 Alexandri,
991 1614 1022 1664 et
1033 1622 1090 1684 per
1100 1623 1173 1664 enm
1185 1604 1298 1684 appel·

343 1703 442 1779 labat,
453 1702 537 1765 diem
554 1703 721 1784 praefigens
736 1723 801 1785 qna
815 1701 1005 1777 cantabitur,
1016 1702 1087 1781 Epo
1100 1723 1171 1763 sum
1183 1710 1297 1782 postor

344 1803 453 1865 bonna
494 1803 769 1884 Archiepiscopns
783 1822 857 1863 vero
873 1801 902 1862 ei
918 1802 951 1863 in
966 1800 1036 1863 haec
1052 1802 1148 1863 rerba
1162 1822 1295 1884 respon-

345 1902 406 1965 dit:
445 1905 465 1937 ‘⁸
476 1905 526 1965 Tu
538 1925 634 1987 quum
645 1904 773 1983 ignotus
784 1902 879 1964 nobis
891 1903 942 1979 sis,
955 1922 1015 1964 nec
1027 1903 1222 1981 mandatnm,
1232 1921 1294 1965 nec

344 2005 467 2069 litteras
488 2006 572 2085 regis
594 2005 725 2077 habeas,
741 2015 774 2066 et
795 2024 837 2066 ex
861 2004 1083 2066 communione
1106 2002 1228 2066 domini
1251 2004 1297 2066 tui

342 2107 477 2170 Joannis
492 2107 532 2169 de
549 2106 766 2170 Oxenelordia
785 2127 880 2189 quem
896 2105 1209 2168 excommunicatum
1224 2126 1295 2170 esse

344 2221 481 2285 constat,
503 2229 560 2290 per
582 2209 702 2270 litteras
726 2207 846 2269 domini
877 2227 971 2289 papae
997 2207 1295 2270 excommunicatus

345 2308 399 2384 sis,
426 2310 618 2393 appellantis
644 2309 784 2371 officium
815 2307 948 2390 implere
973 2327 1038 2369 non
1068 2318 1171 2388 potes.
1227 2305 1296 2369 Nos

345 2422 450 2471 antem
465 2409 648 2473 mandatnm
664 2409 876 2492 apostolicum
891 2429 1096 2491 exequemur,
1108 2419 1140 2471 et
1154 2407 1296 2469 Domino

345 2523 475 2573 auctore
496 2510 730 2592 implebimus.’'
774 2509 862 2581 Quid
884 2519 988 2572 autem
1004 2509 1102 2571 animi
1124 2508 1166 2572 ad
1189 2509 1296 2571 Sares·

344 2611 521 2673 beriensem
551 2611 669 2673 habeat
698 2611 778 2673 scire
809 2612 929 2686 volem,
958 2609 998 2673 ad
1029 2633 1099 2673 enm
1134 2610 1295 2692 proprium

343 2714 494 2775 nuntium
515 2712 683 2789 destinavi,
699 2714 754 2795 qni
776 2725 916 2776 mentem
940 2712 1009 2797 ejus
1032 2712 1216 2775 familiarius
1238 2733 1296 2774 ex-

345 2815 492 2895 ploraret.
538 2814 696 2878 Caeternm
722 2816 841 2878 sactum
867 2812 953 2877 istud
980 2815 1205 2896 episcoporum
1230 2826 1298 2876 tota

346 2912 485 2978 Francia
499 2915 638 2991 miratur,
654 2914 776 2989 dicens,
792 2935 848 2976 eos
871 2916 1049 2996 oportuisse
1065 2915 1246 2990 convenire,
1262 2929 1297 2978 nt

344 3026 515 3077 tractarent
526 3014 566 3076 de
582 3015 683 3076 salute
697 3014 780 3093 regis
793 3015 853 3090 sui,
866 3035 959 3097 qnem
976 3013 1059 3076 sicut
1072 3014 1296 3093 imperatorem

345 3135 388 3176 ex
404 3134 500 3177 causa
515 3113 705 3190 schismatis,
718 3113 762 3175 ita
779 3124 907 3195 propter
922 3114 1040 3174 clerum
1057 3122 1089 3174 et
1103 3112 1297 3190 Ecclesiam,

347 3235 442 3296 qnam
454 3215 587 3292 collidit,
599 3212 741 3298 quotidie
753 3213 937 3277 labefactari
950 3213 1160 3295 conspiciunt
1194 3214 1299 3296 Opor-

348 3318 435 3379 tebat
459 3338 588 3400 quoqne
615 3338 669 3379 eos
695 3315 734 3378 de
760 3317 948 3378 liberatione
975 3316 1132 3378 Ecclesia
1157 3327 1191 3379 et
1214 3336 1296 3397 pace

348 3419 525 3496 sollicitari,
545 3429 577 3482 et
598 3439 728 3501 operam
752 3418 828 3481 dare
851 3431 884 3482 et
906 3418 1117 3497 diligentiam,
1137 3418 1299 3499 quomodo

347 3521 567 3582 reformaretur
596 3539 661 3601 pax
693 3519 790 3594 clero,
819 3538 884 3579 non
914 3517 1075 3600 quomodo
1105 3539 1139 3578 se
1168 3530 1202 3581 et
1231 3538 1298 3591 sna,

347 3621 537 3703 sumptibus
566 3617 730 3680 laboribus
768 3630 801 3679 et
839 3617 990 3699 periculis
1026 3626 1237 3698 exponerent,
1267 3630 1299 3682 et

346 3721 460 3781 samam
491 3738 581 3780 snam
621 3716 838 3797 deturpantes,
867 3715 901 3776 in
931 3728 1092 3796 posterum
1127 3718 1296 3779 ecclesiam

346 3818 541 3901 subjicerent
569 3818 722 3882 servituti.
777 3818 860 3879 Rem
898 3838 1026 3900 qnoque
1055 3819 1240 3896 mirabilem,
1270 3820 1298 3883 si

344 3930 449 3982 tamen
462 3939 535 3980 vera
546 3930 603 3995 est,
615 3937 726 3979 omnes
738 3917 793 3999 qui
805 3916 951 3995 audiunt,
962 3918 1080 3999 pariter
1093 3918 1297 3996 admirantur,

346 4016 442 4090 Quod
457 4017 581 4080 scilicet
592 4017 765 4099 episcopus
782 4016 1026 4080 Heresordensis
1038 4016 1084 4079 vir
1098 4018 1253 4080 litteratus
1265 4030 1299 4080 et

346 4117 458 4181 mundi
477 4129 677 4200 contemptor
699 4119 837 4194 habitus,
852 4118 885 4179 in
907 4119 1183 4201 archiepiscopum
1206 4139 1298 4181 sunm

345 4231 378 4282 et
399 4231 650 4282 consecratorem
678 4218 848 4290 invehitur,
872 4217 983 4280 dicens
1005 4238 1077 4281 enm
1104 4220 1296 4282 turbatorem

346 4340 460 4394 rerum,
475 4319 550 4402 qnia
564 4319 710 4381 ecclesie
727 4318 877 4381 vendicat
891 4318 1079 4381 libertatem.
1116 4320 1233 4382 Nonne
1249 4321 1295 4382 sic

346 4421 509 4504 praepositi
524 4420 662 4481 filiorum
678 4419 786 4494 Israel,
801 4418 835 4479 in
850 4420 988 4501 Moysen
1011 4430 1043 4482 et
1058 4421 1163 4483 Aaron
1181 4421 1298 4483 dirime

347 4521 429 4599 legis
454 4529 643 4581 executores
670 4519 796 4600 culpam
826 4518 1019 4597 refuderunt,
1047 4519 1133 4602 quod
1158 4517 1296 4601 flagella·

347 4623 464 4684 bantur
477 4620 518 4682 ab
530 4619 745 4694 exactoribus,
757 4619 882 4697 negatis
896 4620 997 4702 paleis
1013 4641 1084 4704 qnae
1099 4621 1299 4686 debebantur

347 4722 388 4785 de
409 4719 504 4805 jure?
544 4740 650 4782 nonne
677 4719 829 4782 ministris
856 4721 988 4783 Domini
1014 4722 1298 4806 improperabatur,

347 4823 434 4907 quod
460 4821 698 4905 praepositorum
726 4821 857 4896 nomina
882 4821 990 4886 foetere
1021 4824 1162 4888 fecerant
1191 4845 1297 4889 coram

394 4943 471 4987 von·
484 4942 507 4985 1.
815 4939 837 4984 tr
