3300 6434
350 1257 457 1337 iles]
731 1273 913 1319 aersrotrs.
1233 1263 1296 1323 208

346 1425 600 1489 reconciliationi
617 1448 695 1489 meae
712 1448 841 1510 operam
859 1428 958 1501 daret,
968 1425 1036 1505 sed,
1050 1439 1208 1511 quatenus
1223 1451 1296 1514 pro·

343 1519 462 1603 iecerit,
478 1547 542 1588 non
558 1525 732 1608 respondit.
772 1528 869 1590 Nunc
893 1537 1001 1589 autem
1023 1549 1096 1589 curn
1118 1538 1150 1591 et
1171 1529 1293 1613 episco-

343 1646 420 1707 pum
438 1626 699 1689 Londoniensem
715 1628 770 1711 qui
787 1629 869 1710 regis
882 1629 1017 1708 gratiam
1040 1629 1158 1692 dicitur
1180 1630 1296 1693 habere

344 1746 413 1807 praa
428 1728 562 1801 caeteris,
573 1728 686 1789 iterato
699 1725 865 1791 sollicitavi
879 1728 1008 1810 scripto,
1017 1728 1102 1791 sicut
1112 1730 1201 1791 vobis
1216 1730 1298 1793 lator

342 1828 547 1910 praesentium
563 1830 680 1912 poterit
694 1829 846 1893 indicare.
892 1830 926 1893 si
943 1851 1017 1892 vcro
1034 1831 1152 1893 alieubi
1167 1832 1199 1894 in
1216 1852 1297 1915 pras·

344 1928 560 1991 sentiarestra
575 1929 615 1992 de
627 1951 709 2013 pace
724 1952 794 1993 mea
810 1944 916 1994 actum
930 1931 1034 2008 fuerit,
1049 1931 1172 1995 adeam
1187 1953 1297 2015 quaeso

343 2027 477 2094 formam
491 2051 549 2112 per
564 2052 631 2108 vos,
655 2042 688 2095 et
701 2033 781 2094 alios
803 2032 969 2109 laboretis,
984 2054 1056 2114 quae
1075 2053 1136 2096 nec
1152 2033 1295 2116 perfidiae

343 2132 511 2205 maculam,
533 2154 595 2195 nec
625 2132 832 2216 turpitudinis
857 2133 976 2212 irroget
1004 2144 1124 2211 notam,
1153 2134 1297 2217 alioquin

343 2232 427 2294 malo
442 2243 596 2316 perpetuo
612 2234 752 2297 exulare.
799 2234 834 2297 Si
850 2234 934 2296 enim
954 2234 1135 2314 exigeretur
1149 2256 1169 2297 a
1184 2256 1245 2308 me,
1261 2240 1297 2298 ut

343 2331 532 2413 abnegarem
540 2335 816 2418 archiepiscopum
828 2355 942 2406 meum,
953 2332 1038 2417 quod
1049 2335 1156 2396 nullus
1168 2356 1296 2399 suorum

345 2429 419 2493 iecit
440 2432 558 2508 adhuc,
579 2455 639 2496 nec
655 2435 771 2518 aliquis
787 2434 827 2497 de
843 2444 910 2495 tota
926 2434 1061 2515 Anglia:
1084 2434 1169 2496 absit
1190 2444 1227 2497 ut
1241 2432 1297 2497 ad-

346 2533 508 2616 quiescam
524 2547 620 2598 tautae
637 2535 828 2619 turpitudini
844 2535 977 2618 primus,
991 2544 1046 2597 aut
1061 2534 1201 2597 ultimus.
1225 2536 1296 2599 Ser-

346 2636 415 2698 vavi
438 2636 568 2719 quidem
599 2635 739 2699 debitam
762 2635 859 2699 fidem
889 2632 1069 2697 venerando
1096 2656 1167 2697 meo
1194 2635 1299 2698 archi-

343 2738 509 2820 episcopo,
524 2738 582 2800 scd
598 2759 640 2800 ex
663 2737 861 2800 conscientia
883 2757 953 2800 mea
967 2738 1055 2799 salvo
1070 2736 1191 2799 honore
1206 2737 1300 2820 regis,

344 2850 454 2901 contra
476 2860 571 2921 quem
595 2840 622 2902 si
645 2839 718 2922 quis
740 2837 858 2900 dixerit
883 2860 932 2900 me
955 2858 1026 2899 esse
1049 2847 1219 2915 versatum,
1240 2838 1297 2902 ubi

345 2938 406 3000 hoc
423 2959 576 3002 excusare
593 2939 779 3022 nequivere,
794 2936 836 3000 ad
852 2937 1004 3000 honorem
1017 2950 1049 2999 et
1060 2938 1299 3021 beneplacitum

346 3037 425 3119 ejus,
442 3038 582 3101 dictante
593 3039 731 3122 justitia,
748 3052 876 3122 paratus
891 3059 961 3100 sum
974 3036 1153 3101 emendare.
1199 3040 1299 3104 Novit

346 3138 432 3200 enirn
444 3139 586 3202 cordium
596 3140 769 3223 inspector,
782 3150 814 3203 et
826 3137 1102 3222 verborumjudex
1112 3150 1146 3202 et
1157 3160 1300 3223 operum,

345 3240 432 3323 quod
456 3243 574 3325 saepius
590 3254 623 3306 et
639 3242 780 3324 asperius
796 3264 892 3325 quam
907 3241 1023 3325 aliquis
1038 3242 1215 3305 mortalium
1230 3263 1299 3306 cor·

345 3343 497 3424 ripuerim
513 3343 680 3407 dominum
703 3344 985 3427 archiepiscopum
1001 3342 1117 3415 dehis,
1133 3343 1166 3404 in
1183 3340 1300 3426 quibus

345 3444 386 3506 ab
409 3445 501 3508 initio
525 3445 688 3508 dominum
705 3466 811 3524 regem
836 3455 868 3508 et
890 3465 975 3520 suos,
999 3444 1072 3505 zelo
1095 3442 1236 3525 quodam
1250 3444 1298 3507 in·

346 3547 522 3609 consultius
532 3547 618 3609 vism
628 3546 725 3608 estad
736 3545 979 3608 amaritudinem
990 3564 1190 3626 provocasse,
1199 3565 1301 3626 quum

344 3666 403 3729 pro
424 3648 509 3719 locn,
532 3657 565 3710 et
587 3657 740 3727 tempore,
757 3659 789 3709 et
804 3645 959 3729 personis,
982 3648 1083 3708 multa
1098 3642 1213 3709 suerint
1235 3644 1299 3711 dis·

343 3747 518 3832 pensanda„
564 3746 670 3810 Credo
693 3756 798 3808 autern
829 3746 1046 3810 indubitanter
1068 3747 1143 3830 quia
1164 3759 1197 3812 et
1218 3747 1298 3811 mihi

346 3850 458 3911 saltem
481 3869 552 3911 cras
575 3846 782 3930 respondebit
802 3848 929 3931 justitia
951 3871 1021 3912 mea
1043 3870 1100 3932 per
1122 3850 1298 3914 misericor·

347 3949 432 4012 diam
456 3948 600 4025 Domini,
622 3959 654 4010 et
675 3947 890 4031 proculdubio
913 3950 1043 4012 domino
1068 3951 1303 4029 cantuariensi,

347 4046 434 4133 quod
449 4049 491 4112 ad
513 4050 719 4113 litteraturam
736 4061 769 4113 et
787 4072 902 4128 mores,
922 4052 1091 4133 plurimum
1108 4052 1227 4133 profuit
1241 4071 1298 4112 ex-

345 4153 434 4216 ilium
451 4151 546 4226 istud,
561 4161 593 4214 et
613 4152 843 4235 aliquantulum
865 4149 1032 4234 mihiipsi,
1048 4161 1082 4214 ut
1098 4150 1302 4234 dispositioni

346 4255 463 4318 divium
475 4256 591 4337 gratias
602 4249 747 4316 babeam.
790 4254 919 4316 Nollem
933 4252 1061 4334 quidem
1073 4254 1301 4335 expromittere

347 4354 435 4437 quod
456 4353 678 4418 cantuariensi
693 4352 733 4415 dc
756 4367 872 4415 caetero
894 4374 957 4414 non
975 4353 1134 4427 servirem,
1151 4364 1301 4417 ettamen

348 4456 531 4526 mihiDeus
546 4453 637 4517 testis
657 4451 809 4535 estquod
833 4474 875 4515 cx
892 4456 1056 4537 proposito
1072 4467 1175 4517 vestro
1191 4475 1244 4516 ero
1260 4454 1302 4519 de

348 4566 464 4618 caetero
479 4554 617 4617 curialis.
653 4554 686 4615 Si
699 4575 771 4616 vero
784 4550 863 4615 mihi
882 4555 1041 4616 Dominus
1051 4554 1205 4618 redeundi
1217 4555 1301 4620 viam

349 4658 516 4739 aperuerit,
538 4655 704 4717 rescribite
728 4656 754 4716 si
772 4656 886 4736 placet,
910 4676 950 4717 au
967 4677 1017 4718 me
1040 4654 1141 4718 redire
1157 4666 1302 4740 oporteat

349 4778 421 4820 cum
437 4757 518 4820 cibis
534 4765 566 4818 et
584 4766 651 4817 tota
666 4751 800 4817 sarcina,
846 4755 930 4817 Nam
946 4755 973 4816 si
989 4756 1050 4818 hoc
1074 4756 1177 4834 suerit,
1192 4757 1302 4838 plures

349 4860 424 4941 eqni
437 4856 610 4922 necessarii
622 4867 722 4933 erunt,
736 4868 767 4919 et
782 4857 875 4937 plura
887 4877 959 4937 quae
970 4854 1011 4918 ad
1027 4877 1167 4939 praesens
1177 4856 1301 4922 desunt.
