3300 6434
349 1251 456 1332 llud]
726 1272 904 1316 rrrsroara.
1230 1260 1292 1317 245

344 1517 563 1584 EPISTOLA
590 1520 796 1582 CLIV.-rn
820 1535 1004 1580 nonnarum
1028 1536 1179 1580 rnronrru
1203 1537 1289 1580 urn-

592 1636 782 1681 ronnnsuu.
832 1617 1041 1699 [Α.Ι).1166.]

577 1776 715 1839 Roberto
730 1776 844 1839 Priori
860 1777 1058 1839 Meretonioe.

388 1911 457 1972 Uer
487 1910 661 1974 humanum
688 1911 857 1973 consilium
885 1910 1005 1985 deficit,
1033 1934 1073 1974 ex
1100 1915 1290 1978 necessitate

345 2011 525 2091 confugitur
548 2010 590 2073 ad
615 2010 767 2085 divinum,
793 2008 892 2092 quod,
915 2019 951 2071 ut
973 2012 1099 2093 opinor,
1126 2016 1215 2077 nulla
1241 2016 1291 2079 via

345 2111 470 2174 facilius
499 2123 554 2175 aut
583 2112 708 2175 felicius
737 2110 909 2186 obtinetur,
935 2132 1030 2193 quam
1056 2113 1082 2173 si
1109 2115 1203 2177 amici
1227 2117 1290 2179 Dei

343 2212 423 2276 illud
437 2216 586 2297 precibus
606 2214 756 2277 studeant
777 2213 933 2289 obtinere,
955 2214 1043 2296 quod
1065 2216 1162 2299 culpa
1183 2231 1289 2300 patro·

345 2316 430 2378 cinio
460 2315 670 2397 indigentium
702 2314 888 2378 demeretur.
934 2314 1006 2397 Ego
1038 2317 1166 2399 quidem
1193 2323 1298 2385 exulo

344 2425 376 2477 et
388 2414 584 2500 proscriptus
600 2437 680 2491 sum,
695 2426 727 2477 et
749 2412 835 2497 quod
858 2414 899 2477 ad
919 2416 1093 2495 hominem,
1111 2420 1291 2485 alterutrius

344 2537 450 2597 poenae
459 2516 580 2600 justam
592 2538 720 2580 causam
732 2537 797 2578 non
808 2515 914 2590 video,
927 2516 1005 2579 licet
1015 2516 1101 2601 apud
1115 2520 1299 2604 Dominum

344 2636 394 2678 rne
424 2616 585 2679 acerbiora
614 2618 763 2680 meruisse
794 2618 943 2680 conscius
974 2638 1055 2694 sum,
1083 2631 1115 2680 et
1148 2620 1291 2686 fortassis

344 2717 487 2803 peccatis
508 2718 589 2780 meis
611 2719 814 2799 exigentibus
836 2720 954 2795 evenit,
973 2732 1008 2781 ut
1030 2719 1081 2781 his
1103 2733 1134 2782 et
1155 2722 1291 2803 flagellis

344 2819 561 2884 acerbioribus
591 2821 693 2897 feriar,
722 2832 754 2883 et
783 2830 888 2883 tamen
919 2842 1048 2883 causam
1079 2824 1292 2903 percussionis

344 2922 495 3000 ignorem.
549 2923 601 2983 Eo
632 2934 736 2983 autern
767 2922 869 2999 magis
899 2921 1041 2983 timenda
1070 2934 1144 2983 sunt
1166 2923 1292 3006 judicia

345 3022 421 3096 Dei,
443 3042 507 3104 quo
530 3020 570 3082 de
590 3021 756 3083 occultiori
774 3020 901 3103 justitia
923 3030 955 3083 et
979 3022 1138 3083 secretiori
1166 3026 1288 3088 ratione

255 3118 258 3125 '
345 3120 541 3203 proveniunt.
587 3119 649 3182 Est
661 3131 766 3182 autem
783 3139 881 3200 poena
895 3117 1029 3201 duplex,
1045 3140 1152 3200 quum¹
1165 3133 1199 3182 et
1219 3121 1290 3203 ipsa

344 3221 486 3296 sentitur,
503 3233 535 3283 et
550 3241 647 3283 causa
661 3221 831 3301 ignoratur.
877 3218 913 3281 Si
928 3232 1033 3283 tamen
1056 3219 1174 3283 divina
1197 3222 1290 3285 mise·

344 3323 476 3388 rationis
490 3333 548 3401 est,
563 3334 599 3385 ut
612 3344 663 3385 me
679 3344 736 3405 pro
751 3322 875 3404 justitia
890 3322 956 3404 pati
973 3323 1059 3395 velit,
1076 3323 1288 3402 gratissimum

345 3427 460 3503 babeo,
480 3437 585 3488 certus
611 3423 761 3507 quoniam
788 3424 834 3485 ita
855 3422 976 3484 amicos
1002 3423 1096 3482 beare
1121 3421 1291 3497 censuerit,

345 3529 420 3611 quia
433 3546 491 3609 per
505 3524 621 3586 multas
636 3521 855 3583 tribulationes
866 3521 929 3581 itur
944 3517 983 3580 ad
1000 3539 1139 3598 regnum.
1175 3519 1291 3582 Fateor

345 3650 396 3691 me
421 3624 579 3688 Ecclesiae
605 3622 667 3683 Dei
694 3640 834 3682 servasse
858 3619 966 3692 fidem,
991 3633 1023 3682 et
1048 3619 1290 3705 archiepiscopo

345 3747 428 3803 meo,
443 3734 480 3787 ut
494 3722 645 3805 oportuit,
658 3719 797 3783 fideliter
807 3719 976 3784 obedisse:
1000 3742 1062 3784 nec
1075 3743 1137 3799 me,
1149 3722 1289 3789 Domino

343 3838 484 3902 auctore,
499 3842 639 3905 unquam
656 3831 786 3885 servata
802 3821 879 3884 fidei
895 3834 950 3885 aut
971 3823 1162 3887 obedientia
1185 3826 1300 3906 poeni--

344 3929 432 3995 tebit
478 3927 578 4010 Spero
601 3937 706 3987 autern
733 3924 821 4007 quod
844 3936 876 3987 et
904 3926 1165 4010 archiepiscopus
1186 3938 1291 3990 vester

343 4043 429 4095 recto
444 4030 525 4094 calle
542 4028 669 4090 Petrum
685 4048 822 4110 sequens
838 4028 970 4107 vestigia
985 4049 1043 4110 per
1058 4028 1140 4089 viam
1156 4025 1301 4088 manda·

343 4150 445 4200 torum
462 4132 525 4195 Dei
540 4130 643 4213 pergit
657 4130 699 4193 ad
713 4132 818 4193 vitam.
866 4128 962 4191 Unde
973 4129 1157 4212 paternitati
1169 4140 1288 4207 vestrae,

343 4246 376 4300 et
397 4234 545 4307 dominis,
568 4242 600 4295 et
620 4231 767 4293 fratribus
790 4231 912 4300 vestris,
936 4241 1058 4310 quanta
1079 4249 1209 4310 possum
1232 4230 1287 4292 de·

343 4336 482 4407 votione,
498 4332 657 4415 supplico,
669 4339 825 4411 quatenus
840 4350 973 4407 agonem
990 4340 1132 4391 nostrum
1149 4329 1290 4393 Domino

342 4435 492 4522 precibus
517 4427 757 4505 commendetis,
783 4442 818 4491 ut
840 4430 866 4491 si
889 4428 922 4490 in
945 4429 1030 4491 invio
1053 4450 1174 4501 sumus,
1197 4431 1289 4494 redu-

344 4554 453 4603 camur
482 4532 523 4593 ad
549 4531 643 4605 viam,
670 4528 695 4590 si
725 4529 758 4590 in
784 4529 845 4604 via,
872 4527 959 4612 quod
982 4530 1091 4612 utique
1118 4529 1288 4607 credimus,

344 4634 549 4723 proficiamus
574 4640 605 4693 et
630 4628 842 4712 perducamur
869 4630 910 4691 ad
938 4631 1042 4692 vitam.
1086 4630 1178 4692 Nihil
1202 4633 1302 4696 enim-

343 4738 438 4803 nobis
453 4733 539 4799 aliud
554 4730 767 4795 necessarium
784 4743 842 4807 est,
857 4729 918 4794 nisi
943 4741 977 4792 ut
999 4729 1141 4793 Domino
1164 4733 1300 4815 placeat<

345 4859 441 4905 musa
455 4845 571 4900 nostra.
