3300 6434
339 1254 381 1311 ‘26
596 1264 733 1309 sossius
749 1261 1028 1309 ssttsssssusnsrs
1194 1244 1241 1325 [s.
1259 1266 1289 1309 n.

340 1415 527 1501 magistrum
554 1418 587 1481 S.
601 1419 658 1501 qui
680 1414 834 1479 adversus
855 1413 1066 1477 innocentiam
1083 1425 1219 1477 vestram
1231 1421 1292 1477 ‘re-

340 1518 425 1602 ginae
436 1516 576 1583 animum
586 1517 775 1582 concitavit:
801 1514 880 1602 quid
896 1515 955 1578 hoc
969 1513 1055 1578 aliud
1072 1527 1121 1579 est
1135 1536 1233 1600 quam
1246 1536 1295 1577 re·

340 1618 458 1701 gisam,
477 1640 554 1703 quoe
576 1640 649 1682 eum
671 1617 761 1681 vobis
784 1616 989 1679 audientibus
1011 1614 1186 1691 excusavit,
1206 1638 1293 1679 ream

341 1719 496 1783 mendacii
515 1719 642 1782 facere?
678 1719 722 1780 Et
745 1717 823 1802 quia
841 1716 1037 1781 voluntatem
1059 1715 1180 1779 domini
1200 1738 1293 1801 papas

342 1820 433 1883 vobis
454 1819 628 1884 innotuisse
650 1841 712 1882 non
736 1819 941 1903 ambigimus,
965 1817 1155 1883 fraternitati
1177 1832 1292 1883 vestrae

341 1920 547 2006 praesentium
577 1920 805 2004 significatione
832 1919 1046 2005 praecipimus,
1073 1932 1110 1983 ut
1137 1941 1206 1983 eam
1235 1918 1296 1981 im-

344 2019 469 2106 pleatis,
480 2020 686 2106 prohibentes
697 2043 736 2084 ne
749 2019 827 2105 quid
841 2034 951 2084 contra
965 2043 1033 2083 eam
1046 2041 1142 2105 super
1153 2017 1294 2104 ejusdem

343 2119 480 2185 ecclesiis
490 2121 675 2184 innovetur:
693 2119 898 2205 praecipimus
909 2120 1005 2185 etiarn
1019 2130 1056 2183 ut
1067 2119 1158 2182 nobis
1169 2118 1294 2181 faciatis

343 2223 466 2307 copiam
481 2222 672 2296 litterarum,
688 2245 769 2306 quas
784 2224 825 2285 G.
844 2220 964 2285 archid.
985 2221 1155 2307 superbos
1173 2219 1295 2284 attulit.

346 2323 445 2389 Novit
467 2322 616 2386 discretio
638 2336 743 2387 vestra
764 2323 845 2406 quid
869 2346 942 2386 eum
965 2336 1130 2409 sequatur,
1152 2322 1209 2409 qui
1236 2322 1294 2386 scit

347 2437 379 2489 et
396 2446 457 2487 nou
473 2423 550 2487 facit
565 2424 698 2487 Domini
713 2422 922 2488 voluntatem.

420 2758 641 2822 EPISTOLA
663 2759 874 2822 XXlV.—su
889 2777 1006 2823 nucum
1022 2777 1213 2822 nsnnrcuss.

679 2896 762 2976 Repi
778 2897 965 2977 Anylorum.

391 3028 493 3091 S1cur
515 3025 726 3090 clementioris
748 3026 843 3090 famae
863 3025 1014 3090 beneficio
1034 3027 1125 3091 nobis
1146 3026 1297 3105 innotuit,

347 3126 451 3191 virtus
475 3139 580 3191 vestra
608 3150 732 3213 semper
761 3128 792 3192 in
823 3129 962 3194 Domino
992 3144 1207 3214 prosperatur,
1239 3128 1296 3214 qui

348 3250 511 3293 successus
533 3241 655 3293 vestros
676 3229 810 3316 adjectis
833 3232 1029 3295 successibus
1047 3231 1212 3296 cumulare
1233 3253 1295 3294 uon

348 3330 475 3410 desinit,
490 3346 521 3395 et
544 3331 576 3393 in
601 3342 692 3394 tanto
713 3353 936 3418 prosperorum
960 3356 1067 3409 cursu,
1083 3331 1180 3397 vestri
1195 3347 1227 3397 et
1247 3336 1299 3397 sui

346 3433 436 3499 dedit
461 3433 579 3498 habere
604 3432 764 3498 notitiam.
810 3436 855 3498 Et
876 3435 1004 3518 quidem
1033 3460 1107 3521 quae
1131 3435 1217 3520 apud
1241 3458 1297 3498 nos

348 3547 434 3612 sunt,
460 3547 550 3600 tanta
575 3533 663 3621 pacis
685 3546 717 3598 et
739 3534 854 3620 qnietis
881 3536 993 3601 laetitia
1018 3537 1237 3621 perfruuntur,
1259 3547 1296 3598 ut

348 3636 469 3700 bellicae
480 3636 726 3721 tempestatis,et
736 3636 835 3702 cladis
846 3639 994 3724 publicae,
1005 3653 1170 3723 totamque
1180 3659 1297 3722 praece-

349 3734 492 3799 dentium
508 3737 662 3801 malorum
686 3739 797 3803 seriem
815 3740 904 3825 regni
920 3741 1016 3804 vestri
1031 3740 1166 3805 felicitas
1181 3753 1298 3825 praeter

349 3835 527 3919 opinionem
551 3838 734 3922 popularem
758 3841 948 3921 demulceat,
971 3842 1019 3904 vel
1041 3844 1169 3906 omuino
1191 3842 1298 3906 absor-

342 3937 434 4001 beat.
478 3938 609 4023 Digitus
634 3941 694 4004 Dei
717 3957 765 4008 est
789 3942 853 4022 hic,
875 3944 931 4029 qui
953 3943 984 4004 in
1010 3964 1105 4006 manu
1129 3943 1221 4028 pueri
1247 3944 1297 4007 sui

350 4038 470 4104 domini
485 4041 547 4104 mei
569 4043 652 4128 regis
673 4067 770 4109 sures
789 4045 941 4109 reformat
964 4044 1090 4123 saecula,
1105 4056 1137 4106 et
1156 4048 1297 4107 omnium

351 4152 478 4203 auctore
494 4141 631 4205 Domino
646 4143 858 4208 molestiarum
875 4166 893 4205 a
909 4141 1081 4205 commissis
1093 4141 1183 4204 vobis
1199 4142 1298 4206 natio·

351 4243 446 4308 nibus
460 4255 493 4308 et
508 4243 637 4329 linguis,
651 4246 848 4333 propulsavit
864 4247 1037 4310 incursum.
1061 4247 1177 4309 Tantae
1194 4260 1298 4310 tamen

351 4347 494 4411 felicitati
515 4346 688 4432 derogatur
709 4350 740 4411 in
765 4372 841 4427 uno,
857 4349 955 4436 qnod,
970 4349 1200 4435 languentibus
1218 4349 1301 4413 desi-

351 4450 457 4525 deriis,
472 4447 595 4513 diutius
610 4450 813 4517 destituimur
828 4453 984 4540 corporali
1003 4453 1172 4538 praeseutia
1187 4463 1302 4531 vestra,

352 4550 408 4634 qui
432 4551 616 4634 majestatis,
642 4566 673 4616 et
698 4553 828 4618 virtutis
854 4568 967 4618 vestras
992 4554 1155 4617 beneficiis
1187 4552 1300 4616 indesi-

352 4663 464 4714 nenter
486 4650 652 4717 affluimus.
710 4655 833 4719 Scimus
863 4655 941 4739 quid
974 4654 1154 4739 loquamur,
1180 4660 1237 4741 qui
1266 4669 1298 4720 et

351 4772 390 4813 ex
417 4750 612 4817 abundantia
633 4754 737 4817 cordis
760 4753 934 4839 loquimur,
955 4768 985 4817 et
1009 4777 1068 4838 pro
1091 4757 1178 4839 regui
1202 4760 1299 4819 vestri

353 4850 566 4918 incolumitate
591 4868 716 4918 aetatem
741 4878 779 4919 ex
808 4871 897 4941 parte
919 4858 1130 4943 transegimus
1155 4859 1186 4922 in
1214 4858 1301 4921 labo·
