3300 6434
349 1208 542 1290 net—66]
735 1228 915 1274 ammonae.
1234 1218 1297 1277 207

346 1380 517 1462 posuisset,
542 1393 577 1444 ut
603 1401 721 1456 verum,
746 1379 886 1454 domine,
913 1382 1022 1459 fatear,
1047 1383 1212 1465 obstupui,
1237 1404 1298 1447 nee

345 1482 499 1563 quaerenti
511 1483 601 1563 potui
612 1481 729 1544 babere
742 1480 851 1556 fidem,
862 1479 964 1545 donec
979 1483 1188 1546 venerabilem
1199 1484 1299 1545 virum

344 1579 565 1644 fidelissimum
589 1594 622 1644 et
646 1580 889 1643 devotissimum
913 1582 1002 1644 vobis
1026 1583 1175 1646 abbatem
1199 1583 1301 1646 sancti

344 1682 483 1763 Remigii
494 1681 677 1760 adduceret,
687 1682 742 1765 qui
754 1691 786 1744 et
794 1681 882 1763 ipsas
894 1694 1086 1765 proponeret
1098 1683 1301 1767 quaestiones,

344 1783 442 1847 etad
467 1804 521 1846 eas
547 1805 620 1846 cum
648 1786 747 1847 multa
770 1804 901 1867 precum
927 1784 1087 1862 instantia,
1111 1806 1168 1867 pro
1193 1804 1300 1848 amore

343 1898 447 1949 vestro
466 1898 499 1949 et
521 1907 591 1963 suo,
610 1897 733 1969 peteret
755 1884 951 1968 responderi,
971 1907 1029 1969 pro
1049 1897 1135 1950 certo
1158 1905 1301 1950 asserens

344 1986 437 2049 vobis
451 1986 485 2047 in
499 1987 563 2049 vita
578 1986 657 2047 nihil
669 2006 739 2047 esse
752 1983 940 2068 jucundum,
952 2007 1048 2067 quam
1064 2007 1138 2049 cum
1151 1986 1300 2049 litteratis

344 2085 430 2163 viris,
453 2086 547 2149 etde
570 2086 683 2148 litteris
705 2084 823 2147 habore
847 2105 1036 2163 sermonem,
1061 2084 1242 2169 adjecitque
1264 2085 1298 2147 in

346 2204 420 2247 aure
440 2185 643 2261 familiariter,
658 2205 714 2247 vos
733 2183 809 2246 inde
832 2184 1006 2265 saepissime
1021 2185 1175 2268 imperitae
1194 2184 1299 2248 multi·

344 2285 467 2349 tudinis
497 2288 651 2349 offensam
681 2285 880 2362 contrahere,
909 2285 986 2367 quia
1015 2307 1071 2349 vos
1101 2306 1121 2348 a
1149 2284 1300 2348 studendi
1330 2364 1335 2377 .

345 2388 499 2451 exercitio
514 2400 679 2471 nequeunt
692 2407 852 2464 revocare,
864 2397 896 2450 et
911 2407 969 2470 pro
985 2387 1115 2450 arbitrio
1127 2408 1186 2450 suo
1201 2408 1300 2469 nego·

344 2489 458 2552 tiorum
474 2501 506 2554 et
519 2491 711 2552 tumultuum
727 2488 878 2571 procellis
893 2488 1089 2570 immergere.
1119 2488 1300 2571 Opinantur

344 2589 430 2654 enim
445 2612 540 2654 omne
556 2602 682 2674 tempus
698 2590 862 2653 effluxisse
878 2591 1049 2672 superflue,
1063 2588 1149 2673 quod
1165 2609 1229 2651 non
1246 2599 1301 2654 aut

344 2692 378 2754 in
394 2691 566 2755 curialibus
581 2692 686 2774 nugis,
702 2693 805 2755 autin
821 2692 1044 2755 tumultuantis
1064 2690 1195 2755 malitiae
1211 2712 1299 2755 vora·

346 2793 431 2875 gine,
452 2808 507 2857 aut
532 2815 698 2857 causarum
722 2794 904 2857 turbinibus
926 2805 1102 2857 exercetur.
1143 2792 1302 2857 Nesciunt

349 2895 435 2979 quod
473 2896 678 2979 philosophia
707 2895 820 2979 paucis
856 2906 905 2957 est
940 2903 1093 2957 contenta
1122 2893 1302 2976 judicibus,

346 2996 506 3077 officiique
521 2995 571 3056 sui
587 2995 801 3058 sinceritatem
818 2995 941 3074 vulgari
956 2995 1087 3058 arbitrio
1103 2995 1301 3059 committere

348 3094 550 3174 dedignatur.

387 3194 474 3258 Mihi
496 3196 604 3279 itaque
628 3216 686 3279 pro
711 3196 801 3259 vobis
825 3197 1033 3280 complacuit,
1057 3204 1093 3259 ut
1119 3194 1300 3280 propositas

345 3298 528 3381 exciperem
546 3300 751 3381 quaestiones,
766 3308 799 3362 et
813 3301 870 3372 eis,
886 3299 998 3363 habita
1012 3300 1134 3363 ratione
1149 3298 1302 3380 temporis

348 3407 381 3463 et
394 3395 624 3464 inevitabilium
649 3401 889 3479 necessitatum,
904 3400 1145 3484 responderem,
1160 3399 1220 3463 etsi
1237 3418 1302 3461 non

345 3520 403 3584 pro
419 3513 503 3579 voto,
515 3515 598 3565 certe
614 3524 672 3584 pro
685 3515 838 3585 tempore.
869 3502 1048 3573 Quaesitum
1061 3520 1135 3562 vero
1147 3511 1196 3563 est
1206 3520 1303 3583 quem

348 3601 477 3666 credam
489 3624 656 3666 numerum
668 3623 739 3665 esse
750 3603 903 3664 librorum
916 3602 1041 3665 Veteris
1053 3613 1085 3665 et
1096 3601 1181 3663 Novi
1191 3600 1304 3663 Testa·

348 3702 460 3777 menti,
476 3712 508 3765 et
527 3725 607 3786 quos
630 3714 777 3766 auctores
797 3723 917 3777 eorum,
934 3702 1013 3786 quid
1035 3701 1255 3785 Hieronymus
1269 3702 1303 3765 in

346 3802 496 3886 Epistola
511 3803 550 3866 ad
571 3804 737 3866 Paulinum
753 3803 972 3885 presbyterum
989 3802 1030 3865 de
1051 3802 1199 3867 omnibus
1214 3803 1305 3867 libris

346 3903 461 3969 divinae
479 3908 616 3988 pagellae
639 3904 802 3988 adscripta
824 3903 910 3969 dicat
932 3926 1074 3969 mensam
1097 3906 1174 3969 solis
1196 3905 1303 3989 aphi-

346 4008 482 4092 losoplro
502 4009 673 4091 Apollonio
697 4008 817 4071 litteras
843 4019 1054 4092 persequente
1079 4008 1177 4070 visam
1201 4008 1234 4069 in
1259 4008 1304 4071 sa·

344 4110 439 4173 bulo:
463 4112 540 4194 quid
552 4113 630 4175 item
643 4111 768 4194 Virgilii
779 4122 946 4184 centonas,
957 4122 989 4174 et
1000 4109 1135 4173 Homeri
1148 4117 1302 4173 centonas

344 4211 378 4273 in
397 4212 507 4275 eadem
532 4213 617 4276 dieat
635 4213 789 4295 epistola:
817 4223 979 4294 postremo
1005 4210 1060 4271 ubi
1080 4209 1232 4291 seriptum
1251 4210 1303 4284 sit,

346 4323 379 4374 et
394 4334 457 4395 quo
477 4313 597 4386 tendat,
615 4312 703 4396 quod
720 4313 848 4394 legitur,
864 4324 895 4375 et
913 4321 1095 4392 usurpatur,
1110 4333 1129 4373 a
1147 4311 1302 4393 plurimis,

349 4413 427 4494 quia
441 4413 641 4476 deiformiora
656 4426 731 4475 sunt
745 4434 783 4475 ea
798 4434 870 4495 quae
887 4433 952 4474 non
968 4423 1052 4488 sunt,
1066 4432 1161 4495 quam
1177 4432 1215 4474 ea
1230 4433 1301 4496 quae

348 4524 441 4576 sunt:
474 4515 536 4576 hoc
568 4535 697 4597 quoque
724 4514 874 4596 precibus
903 4514 1056 4575 insertum
1086 4524 1144 4584 est,
1170 4522 1206 4574 ut
1232 4513 1302 4577 haec

348 4614 456 4678 omnia
466 4614 623 4677 rationum
641 4634 766 4677 suarum
783 4614 923 4676 subnixa
937 4611 1152 4675 fundamentis
1167 4613 1304 4676 auctori-

347 4723 511 4798 tutumque
542 4715 731 4779 testimoniis
758 4715 927 4795 diligenter
957 4724 990 4776 et
1016 4713 1082 4775 cito
1112 4714 1144 4775 in
1172 4712 1304 4778 scedula

348 4817 439 4880 vobis
451 4816 702 4894 transmittenda,
715 4818 802 4879 omni
812 4818 982 4879 occasione
992 4817 1180 4898 postposita,
1191 4818 1301 4899 expla-
