3300 6434
360 1201 423 1262 200
616 1216 752 1262 JOANMS
767 1217 1042 1265 sanasaanrunsrs
1220 1204 1265 1283 [Δ.
1282 1225 1314 1269 n.

360 1365 474 1443 facere,
498 1366 628 1450 justitia
654 1367 806 1444 dictante,
833 1368 858 1431 si
887 1370 1043 1455 placuerit
1069 1369 1125 1434 illi.
1171 1374 1240 1436 Nec
1265 1389 1313 1436 est

360 1466 447 1550 quod
476 1491 599 1551 possem
626 1491 700 1532 cum
725 1471 910 1554 integritate
933 1473 1027 1536 fame
1053 1487 1085 1537 et
1111 1474 1310 1538 conscientiae

359 1567 473 1644 facere,
500 1570 584 1653 qnod
611 1593 670 1652 pro
697 1574 913 1657 recuperanda
936 1596 1012 1659 pace
1039 1588 1071 1639 et
1101 1575 1206 1659 gratia
1230 1576 1311 1661 ejus,

357 1669 463 1732 animo
493 1669 606 1736 libenti
637 1694 698 1735 non
727 1672 850 1738 faciam.
898 1674 1026 1739 Placeat
1056 1677 1164 1762 itaque
1194 1687 1308 1740 vestrae

357 1769 534 1853 dignationi
550 1771 645 1833 mein
662 1771 720 1834 hac
737 1786 827 1857 parte
842 1772 882 1835 ad
899 1773 1047 1838 honorem
1062 1776 1123 1839 Dei
1139 1779 1307 1851 instruere,

357 1883 389 1935 et
419 1870 495 1933 mibi
525 1894 582 1956 per
612 1872 843 1956 imperatricem
871 1887 903 1937 et
932 1876 1021 1952 alios,
1047 1890 1084 1942 ut
1109 1877 1308 1940 commodius

358 1972 459 2036 visum
475 1973 584 2053 suerit,
598 1996 707 2059 pacem
729 1974 789 2037 sub
809 1976 911 2060 aequis
925 1977 1172 2054 conditionibus,
1188 1977 1307 2042 scilicet

357 2075 423 2138 sine
439 2075 650 2159 turpitudine,
666 2098 846 2161 procurare.

377 2310 598 2373 EPISTOLA
620 2310 810 2374 cxli-nn
824 2329 971 2375 raanan
986 2331 1282 2377 cinruamnussu.

716 2410 762 2491 [n.
781 2432 811 2475 o.
831 2414 940 2495 Ilua]

411 2542 541 2607 Tltomae
557 2544 789 2609 cantuariensi
803 2547 1046 2631 archiepiscopo,
1060 2549 1207 2613 loannes
1220 2551 1261 2613 dc

733 2647 929 2711 Sareabcrio.

397 2786 449 2849 Ex
464 2787 615 2850 relatione
626 2786 734 2849 latoris
746 2784 962 2867 praesentium,
975 2798 1007 2850 et
1021 2786 1119 2849 literis
1129 2807 1208 2870 quas
1222 2786 1301 2848 mihi

350 2888 445 2950 amici
457 2889 519 2950 mei
531 2889 571 2951 ab
584 2888 700 2968 Anglia
710 2888 963 2963 transmiserunt,
973 2887 1118 2969 poteritis
1128 2886 1301 2962 advertere,

350 2988 422 3070 quis
437 2989 582 3051 ecclesiae
597 3000 697 3052 status
720 2988 762 3051 sit
775 2989 808 3050 in
829 3008 937 3069 regno.
974 2986 1072 3050 Mitto
1092 2988 1187 3051 ctiam
1210 2988 1302 3050 vobis

350 3089 466 3165 literas),
492 3111 572 3172 quas
597 3090 675 3152 mihi
702 3090 788 3153 misit
815 3090 989 3173 episcopus
1019 3090 1218 3162 Baioceusis,
1246 3109 1304 3171 per

348 3191 503 3253 nuncium
517 3210 635 3266 meum,
650 3209 746 3270 quem
760 3188 801 3252 ad
815 3190 921 3273 ipsum
937 3188 1178 3264 destinaveram,
1194 3201 1230 3251 ut
1244 3209 1301 3271 per

349 3294 454 3376 ipsum
477 3291 659 3355 certiorarer
678 3289 718 3354 de
740 3302 825 3354 statu
845 3291 949 3354 fratris
971 3292 1045 3364 mei,
1066 3302 1098 3354 et
1116 3311 1220 3352 rerum
1242 3311 1300 3354 no·

349 3406 494 3458 atratum.
518 3394 592 3456 Rex
602 3393 687 3455 enim
696 3393 726 3455 ei
736 3394 937 3456 commiserat
947 3393 1068 3456 reditus
1076 3402 1211 3464 nostros,
1219 3411 1301 3472 quos

347 3498 380 3561 in
396 3496 628 3562 saresberiensi
642 3494 831 3577 episcopatu
846 3495 1054 3559 habebamus.
1089 3496 1178 3567 Quos
1193 3508 1298 3557 autem

345 3598 543 3661 habebamus
558 3597 591 3658 in
603 3596 673 3659 aliis
689 3595 837 3658 ecclesiis
851 3596 967 3679 partim
981 3594 1197 3659 Londouiensi
1211 3615 1297 3658 com·

347 3695 442 3770 misit,
458 3699 572 3779 partim
588 3698 677 3760 aliis:
704 3697 761 3778 qui
779 3706 900 3759 tantam
921 3696 1119 3778 diligentiam
1134 3697 1298 3770 adhibent,

347 3811 382 3862 ut
396 3793 475 3858 nihil
491 3797 566 3858 inde
582 3798 741 3877 possimus
756 3798 873 3860 habere
889 3818 950 3878 ego
965 3808 998 3860 et
1012 3798 1106 3861 frater
1122 3820 1221 3875 meus,
1236 3819 1296 3861 nec

346 3899 462 3983 aliquis
477 3897 606 3959 nomine
622 3914 750 3970 nostr03
773 3910 805 3960 et
819 3898 904 3960 siout
918 3899 1057 3962 referunt
1071 3902 1129 3981 qui
1144 3900 1185 3961 da
1200 3902 1297 3982 parti-

346 4005 406 4065 bus
420 4002 484 4064 illis
505 3998 649 4073 redeunt,
664 4019 713 4060 res
735 4011 851 4063 nostras
870 3999 1087 4081 dilapidantur
1105 4000 1247 4073 omnine,
1262 4014 1298 4063 ut

344 4127 405 4168 nec
426 4100 583 4174 ecclesiae,
599 4121 659 4163 neo
675 4100 788 4163 domus
809 4101 998 4164 reficiantur.
1036 4101 1108 4180 Ego
1124 4120 1217 4181 super
1233 4101 1295 4161 hoc

344 4218 377 4269 et
389 4205 450 4287 ipsi
463 4200 680 4265 Londoniensi
692 4201 817 4283 scripsi,
829 4213 860 4264 et
873 4197 1114 4272 Herelordensi,
1126 4209 1158 4260 et
1169 4198 1295 4278 Wigor·

345 4304 447 4379 nensi,
464 4316 496 4365 et
516 4300 712 4364 cicestrensi
734 4301 907 4383 episcopis,
923 4312 955 4362 et
977 4298 1201 4364 archidiacono
1225 4300 1304 4362 Pie--

344 4407 486 4471 turiensi.
525 4402 736 4466 Cicestrensis
752 4413 857 4463 autem
873 4423 940 4464 sea
961 4402 1085 4465 domini
1099 4401 1183 4481 regis
1198 4401 1298 4481 gratia

344 4507 502 4571 excidisse
525 4505 736 4586 conqueritur,
753 4518 785 4564 et
799 4502 870 4565 haec
886 4504 983 4565 verba
998 4502 1180 4585 subjungit:
1210 4502 1296 4574 Quia

339 4610 425 4674 ,solua
455 4605 689 4668 madeniensis
723 4607 871 4665 censetur
905 4606 1035 4667 nomine
1062 4622 1129 4663 stro.
1179 4603 1297 4664 Nullus

341 4711 475 4773 aliorum
502 4706 579 4767 mihi
605 4703 779 4785 respondit.
818 4704 987 4785 Exspecto
1006 4715 1111 4766 tamen
1132 4714 1166 4765 ut
1183 4704 1294 4764 saltem

343 4806 438 4872 verba
449 4807 526 4869 dent
538 4806 617 4867 mihi
630 4806 726 4867 veteri
738 4805 841 4868 amico
857 4825 916 4868 suo
932 4807 965 4867 in
982 4804 1084 4869 reditu
1101 4804 1210 4866 nuncii
1221 4802 1293 4865 mei.
