3300 6434
348 1240 522 1321 llas-A]
738 1259 918 1332 aprsroura.
1071 1309 1076 1320 ,
1260 1249 1301 1307 35

345 1407 564 1474 Alexandrum
590 1409 630 1474 de
657 1407 813 1472 Draitona
836 1422 868 1472 et
894 1408 1073 1474 Radulfum
1100 1423 1297 1488 extraneum,

343 1508 539 1593 appellatum
552 1509 627 1586 fuit,
639 1509 670 1572 in
683 1506 906 1595 praejudicium
920 1508 1106 1591 Alexandri,
1116 1525 1299 1599 contempta

344 1610 534 1675 auctoritate
549 1621 667 1687 nostra,
683 1609 807 1696 aliquid
822 1632 920 1675 ausus
941 1633 976 1673 es
997 1610 1156 1677 innovare.
1201 1612 1299 1677 Unde

345 1710 403 1773 tibi
419 1710 634 1797 praecipiendo
646 1710 845 1791 mandamus,
856 1725 1016 1797 quatenus
1030 1714 1177 1798 proxima
1188 1714 1300 1780 Domi-

343 1813 425 1888 nica‚
435 1836 499 1899 qua
510 1813 703 1890 cantabitur,
719 1817 861 1878 (lentata
871 1815 1021 1891 Domino,
1032 1829 1142 1881 nostro
1152 1838 1300 1902 conspee-

344 1914 394 1977 tui
409 1936 571 2000 appareas,
588 1937 797 2000 responsurus
813 1928 989 1980 memorato
1007 1918 1194 1981 Alexandro
1207 1929 1240 1982 et
1256 1919 1300 1982 R.

346 2015 437 2080 fratri
449 2017 531 2102 ejus
542 2016 583 2081 de
593 2015 808 2081 inobedientia
820 2029 851 2080 et
864 2030 1048 2103 contemptu
1061 2018 1181 2082 domini
1196 2041 1300 2105 papie,

345 2131 378 2182 et
390 2133 508 2193 nostro,
519 2134 551 2183 et
563 2116 805 2205 participatione
818 2119 985 2204 sacrilegii,
993 2119 1217 2185 anathematis:
1241 2120 1301 2185 hoc

347 2242 477 2306 quoque
502 2220 669 2306 provideas
696 2243 735 2284 ne
757 2219 943 2305 multiplicis
967 2221 1214 2299 incontinentiae,
1236 2244 1303 2307 qua

347 2343 460 2385 nomen
478 2335 569 2386 tuum
581 2322 819 2388 sinistroefamae
829 2345 938 2386 rumor
947 2323 1091 2409 aspersit,
1103 2324 1192 2407 quod
1207 2325 1302 2388 mini·

347 2446 397 2487 me
410 2436 569 2509 optamus,
580 2448 653 2489 rcus
663 2424 842 2489 inveniaris.
871 2425 938 2487 Nos
949 2425 1031 2488 enim
1044 2437 1149 2489 tantos
1158 2447 1302 2491 excessus

348 2526 510 2610 praeterire
526 2547 588 2590 non
602 2529 775 2611 poterimus
790 2525 992 2605 incorrectos,
1002 2549 1042 2590 ne
1057 2550 1096 2591 ex
1109 2528 1303 2613 negligentia

347 2627 441 2691 officii
465 2627 563 2693 nostri
584 2629 715 2712 gravius
737 2627 946 2713 corripiamur
960 2627 1001 2691 ab
1023 2652 1072 2705 eo,
1087 2630 1175 2714 apud
1194 2652 1303 2715 quem,

348 2729 430 2793 sicut
447 2751 503 2795 nec
519 2751 699 2806 munerum,
714 2730 760 2794 ita
775 2751 837 2793 non
852 2741 900 2794 est
915 2730 1057 2816 acceptio
1072 2752 1288 2817 personarum.
1385 2806 1389 2813 ¹

402 2898 624 2963 EPISTOLA
647 2899 893 2963 XXX1v.-m
907 2919 1063 2964 rossana
1078 2920 1245 2966 THESAUR.

755 3018 896 3065 sanans.

543 3120 670 3183 loanni
684 3119 888 3183 thesaurario
901 3120 1111 3185 Eboracensi.

394 3238 481 3301 Post
503 3234 673 3300 discessum
693 3234 836 3322 magistri
853 3236 1009 3302 Willelmi
1026 3251 1058 3303 et
1075 3238 1171 3318 aad,
1187 3241 1305 3325 quibua

352 3335 527 3421 negotium,
543 3336 584 3401 de
607 3359 674 3423 quo
690 3337 817 3424 loquuti
842 3361 964 3416 sumus,
979 3338 1081 3404 multa
1104 3363 1234 3426 precum
1258 3341 1305 3403 in-

353 3438 469 3505 stantia
482 3439 637 3515 commisi,
654 3440 835 3504 Norwicum
852 3441 1014 3526 profectus
1028 3462 1110 3515 sum,
1126 3440 1236 3524 ibique
1253 3463 1304 3504 ne·

351 3541 474 3625 gotium
502 3555 643 3605 vestrum
675 3555 796 3627 quanta
821 3545 965 3627 oportuit
991 3542 1159 3605 devotione
1184 3554 1216 3606 et
1243 3543 1306 3607 fide

350 3641 445 3725 gessi.
492 3640 568 3704 Mea
586 3662 663 3723 ergo
678 3639 840 3714 instantia,
855 3651 887 3702 et
911 3641 1084 3705 amicorum
1110 3654 1304 3720 nostrorum,

351 3740 486 3804 loannis
510 3740 665 3817 monachi,
680 3754 713 3804 et
739 3739 889 3826 Magistri
916 3742 970 3819 N.,
986 3740 1074 3828 quod
1094 3743 1183 3807 vobis
1208 3744 1304 3811 debe·

353 3840 451 3905 batur
464 3863 484 3904 a
498 3839 627 3904 domino
644 3841 837 3907 Norwicensi
852 3842 990 3924 obtinui,
1004 3842 1078 3909 licet
1093 3844 1146 3912 ille
1161 3846 1202 3910 de
1218 3848 1307 3912 vobis

355 3942 527 4029 plurimum
551 3956 811 4030 conquereretur,
837 3958 869 4009 et
894 3945 978 4011 torte
1001 3948 1125 4013 merito.
1171 3950 1308 4016 Dicebat

353 4046 434 4109 enim
451 4045 539 4132 quod
556 4069 658 4132 quum
674 4046 757 4111 iuter
777 4048 896 4111 amicos
912 4071 967 4112 vos
989 4050 1188 4135 praecipuum
1214 4074 1307 4137 repu-

355 4160 449 4229 taret,
472 4148 559 4214 solus
581 4149 613 4212 in
640 4148 835 4213 necessitatis
857 4150 992 4213 articulo
1014 4150 1055 4214 ab
1077 4174 1116 4221 en
1136 4151 1307 4218 defecistis.

356 4250 429 4312 Hoc
458 4263 565 4314 autem
595 4250 730 4332 contigit
760 4272 861 4333 quum
894 4254 954 4315 sub
983 4250 1165 4316 discrimine
1195 4255 1308 4340 capitis

354 4349 508 4413 adversus
537 4348 790 4412 archidiaconum
822 4372 914 4414 suum
946 4351 978 4414 in
1008 4374 1134 4416 summo
1168 4355 1307 4432 honoria,

355 4463 386 4512 et
400 4447 492 4513 famoe
507 4448 648 4533 periculo
660 4448 835 4513 dimicaret.
874 4451 1043 4536 Urgebant
1060 4453 1144 4519 mala
1156 4456 1309 4543 undique,

357 4550 430 4613 hinc
445 4549 615 4614 auctoritas
629 4550 812 4636 apostolica,
829 4552 902 4616 inde
917 4554 1064 4641 majestas
1079 4555 1173 4641 regis.
1220 4560 1310 4625 Alte-

358 4672 440 4725 rum,
468 4649 617 4735 potestati
643 4650 787 4715 faventes
812 4652 958 4737 sanguini
988 4655 1059 4742 ejus
1085 4656 1227 4743 undique
1252 4660 1310 4725 im·

357 4752 532 4830 minebant,
561 4762 605 4829 et,
633 4751 721 4837 quod
751 4754 958 4839 perniciosius
988 4759 1168 4843 reputabat,
1191 4760 1310 4826 inimici

360 4854 498 4919 hominis
512 4854 679 4919 domestici
695 4855 775 4940 ejus.
820 4856 1007 4923 Amicorum
1030 4872 1107 4924 tunc
1131 4861 1313 4949 imploravit

808 4965 863 5021 nt
