3300 6434
420 1188 482 1245 rm
679 1198 815 1243 ioannis
832 1195 1106 1241 sssssuunrnnsrs
1277 1180 1322 1259 [a.
1341 1200 1369 1243 n.

415 1352 654 1437 .Increpationis
669 1373 745 1435 ergo
762 1364 874 1413 vestrae
890 1349 1035 1435 querelas
1050 1349 1188 1431 graviter
1204 1350 1322 1435 accepi,
1338 1363 1369 1413 et

418 1454 527 1518 eodem
545 1455 650 1518 animo
670 1476 736 1539 quo
756 1475 809 1515 eas
830 1474 978 1516 noveram
1001 1474 1068 1515 esse
1088 1452 1294 1538 conscriptas,
1310 1452 1369 1515 nisi

416 1557 505 1641 quod
521 1557 552 1620 in
568 1556 673 1620 anima
687 1554 808 1640 puriori
822 1552 1022 1618 sinceriorem
1039 1575 1104 1615 esse
1119 1554 1214 1617 credo
1228 1555 1370 1617 caritatis

418 1656 578 1720 affectum.
625 1654 657 1718 Si
673 1654 755 1717 enim
772 1677 869 1738 super
890 1654 951 1729 his,
969 1653 1018 1715 vel
1035 1653 1113 1717 vitiu
1134 1655 1323 1738 arrogantiae
1338 1670 1369 1719 et

418 1756 659 1840 ingratitudinis
675 1756 837 1819 vobiscum
860 1754 1064 1832 contendero,
1081 1767 1278 1840 praeteream
1296 1780 1370 1840 quoe

415 1858 590 1944 perspicuis
613 1871 645 1921 et
670 1857 835 1943 perpetuis
862 1856 1017 1920 virtutum
1051 1856 1153 1921 titulis
1178 1856 1369 1937 illustratur,

416 1960 589 2025 domestica
618 1959 804 2045 probatione
832 1958 1011 2022 convincor.
1069 1960 1183 2024 Gratia
1211 1960 1367 2043 siquidem

418 2062 548 2126 Domini
570 2076 602 2125 et
624 2074 740 2135 vestra,
756 2082 825 2122 sum
851 2058 1004 2144 quicquid
1029 2082 1112 2131 sum,
1133 2060 1239 2145 siquid
1264 2074 1368 2124 tamen

417 2187 500 2243 sum,
520 2178 551 2228 et
575 2161 913 2227 institutionis'vestrae
937 2161 1088 2224 beneficio
1110 2184 1160 2225 me
1182 2184 1274 2247 spero
1289 2185 1369 2225 sem·

416 2289 474 2352 per
488 2267 636 2331 futurum
654 2264 824 2329 meliorem.

460 2366 654 2451 Scripseram
679 2365 809 2450 quidem
834 2364 924 2428 vobis
946 2363 987 2427 de
1010 2364 1152 2429 adventu
1175 2387 1257 2441 meo,
1280 2366 1368 2447 quod

416 2490 455 2531 ex
488 2468 639 2553 subjectis
668 2468 770 2529 causis
802 2466 871 2529 fore
907 2465 1115 2530 credideram.
1166 2468 1261 2541 Quod
1293 2492 1369 2533 vero

417 2569 603 2634 sententiam
627 2569 749 2632 mutari
770 2568 819 2631 vel
841 2568 964 2643 distuli,
988 2590 1050 2630 non
1074 2566 1185 2632 levitas
1208 2592 1288 2646 mea,
1312 2572 1367 2636 sed

415 2670 581 2735 consilium
613 2670 785 2734 amicorum
810 2693 949 2734 meorum
981 2670 1055 2734 suit.
1099 2672 1196 2734 Unde
1223 2673 1281 2736 hoc
1311 2692 1368 2740 aut

415 2771 534 2836 nullam
546 2772 693 2849 arbitror,
704 2772 870 2835 autlcvem
881 2771 1126 2858 culpam,qrmm
1138 2786 1169 2837 et
1182 2774 1368 2840 Altissimus

414 2872 600 2937 sententiam
618 2886 732 2948 mutet,
743 2874 836 2960 cujus
851 2872 1016 2938 consilium
1031 2888 1137 2938 manet
1152 2874 1184 2937 in
1201 2888 1366 2941 aeternum.

416 2975 488 3038 Non
518 2973 600 3037 enirn
632 2974 771 3038 fortunae
801 2973 931 3038 insidias
961 2974 1047 3038 solus
1078 2975 1168 3060 potui
1199 2976 1367 3057 declinare,

412 3097 516 3160 quum
531 3073 638 3137 omnia
658 3096 732 3159 quae
755 3074 814 3138 sub
837 3073 902 3137 sole
922 3088 1008 3150 sunt,
1025 3074 1156 3140 lubricae
1178 3082 1270 3142 sortis
1288 3102 1366 3143 vana

415 3188 581 3239 versentur
603 3175 634 3237 in
658 3174 734 3240 alea.
784 3174 911 3239 Fluxus
933 3176 1048 3238 etenim
1074 3179 1236 3263 temporis,
1261 3195 1367 3244 motus

413 3300 529 3355 rerum,
543 3276 646 3362 caligo
667 3277 832 3357 mentium,
852 3276 962 3341 levitas
984 3278 1172 3354 animorum,
1188 3304 1279 3345 axem
1302 3283 1367 3346 ior-

413 3393 501 3445 tunae
523 3392 611 3443 tanta
632 3380 681 3444 sui
703 3380 847 3465 agilitate
866 3381 1105 3460 circumferunt,
1127 3397 1163 3447 ut
1186 3406 1248 3446 non
1271 3385 1367 3448 modo

414 3496 515 3548 rotam
539 3483 620 3567 ejus,
636 3481 691 3546 sed
713 3496 745 3547 et
769 3482 869 3546 totius
889 3482 976 3547 orbis
999 3482 1111 3547 molem
1128 3485 1220 3550 facile
1242 3501 1365 3554 constet

411 3607 479 3648 esse
504 3583 688 3648 volubilem.
739 3585 856 3649 Verum
884 3607 922 3649 ne
948 3607 1011 3648 non
1037 3599 1102 3649 tam
1127 3610 1176 3651 me
1203 3612 1365 3669 excusare,

412 3707 508 3769 quam
534 3707 636 3749 rerum
658 3685 870 3749 conditionem
887 3687 1009 3750 frustra
1025 3686 1130 3751 ridear
1154 3712 1302 3754 accusare
1324 3693 1364 3756 de

408 3783 570 3858 omnibus,
586 3785 640 3846 sed
662 3808 757 3847 causa
776 3786 904 3870 cognita
919 3787 1076 3873 judicare.
1124 3792 1234 3856 Status
1254 3793 1363 3879 itaque

411 3882 472 3948 mei
502 3883 614 3947 faciem
643 3905 814 3970 parumper
840 3886 996 3970 inspicite,
1024 3890 1213 3955 serenissimi
1243 3893 1363 3958 domini

411 3988 512 4053 nostri
542 3986 626 4072 regis
658 3984 851 4069 Anglorum‚
878 3987 919 4050 ab
945 4011 1029 4051 anno
1058 3995 1232 4074 praeterito,
1258 4001 1364 4081 gravis
1440 4006 1444 4017 '

410 4091 441 4154 in
465 4114 516 4153 me
537 4088 644 4154 studio
664 4087 853 4152 aemulorum
869 4090 1006 4154 excitata
1029 4105 1077 4156 est
1097 4092 1283 4177 indignatio.
1330 4103 1363 4164 Si

409 4216 534 4258 causam
549 4190 705 4277 quaeritis,
718 4190 869 4276 professio
886 4191 1051 4270 libertatis,
1065 4194 1206 4260 veritatis
1221 4197 1364 4264 defensio

409 4294 540 4359 crimina
560 4316 628 4357 mea
644 4307 736 4357 sunt:
770 4293 860 4358 testis
874 4307 919 4357 est
943 4295 1020 4357 mihi
1036 4310 1194 4361 scrutator
1208 4302 1365 4384 cordium,

410 4422 502 4486 quem
527 4396 649 4459 inutilis
671 4410 702 4459 et
727 4396 902 4481 perniciosa
918 4398 981 4461 vita
1003 4422 1073 4463 mea
1096 4416 1163 4466 tota
1186 4426 1309 4490 semper
1331 4422 1362 4471 et

410 4501 503 4563 nimis
526 4495 671 4574 offendit,
694 4496 771 4581 quia
792 4496 923 4561 alterius
945 4497 1060 4584 culpae,
1083 4502 1169 4585 quod
1197 4507 1238 4567 ad
1264 4505 1365 4572 domi-

410 4624 486 4663 num
504 4618 623 4682 regem,
640 4598 861 4661 conscientiam
879 4599 992 4663 nescio.
1033 4601 1156 4686 Ipsum,
1169 4616 1203 4667 ut
1219 4606 1365 4685 audistis,

412 4702 499 4763 adire
530 4700 758 4785 disposueram,
783 4723 883 4763 meam
911 4701 1119 4766 innocentiam
1151 4719 1362 4789 purgaturus,

410 4802 462 4865 sed
480 4826 536 4886 per
557 4800 726 4864 familiares
749 4824 820 4865 suos
844 4802 953 4877 didici,
971 4826 1019 4865 me
1042 4804 1226 4868 nullomodo
1248 4808 1362 4872 admit-
