3300 6434
358 1251 556 1331 1159-64.]
763 1265 940 1312 smsrocss.
1247 1248 1301 1308 151

352 1441 471 1503 regem,
485 1440 605 1483 moram
629 1415 729 1491 vobis,
751 1429 782 1481 et
804 1415 953 1487 reditum,
969 1416 995 1477 si
1017 1412 1205 1498 expedierit,
1220 1434 1301 1498 prae·

352 1519 507 1604 paraturi.
554 1520 586 1583 Si
603 1541 679 1603 ergo
693 1516 828 1600 diligitis
846 1515 1008 1580 ecclesiam
1030 1527 1179 1589 vestram,
1194 1514 1220 1576 si
1235 1514 1304 1577 ani·

350 1639 436 1682 mam
453 1631 601 1696 vestram,
617 1619 715 1682 immo
730 1618 807 1703 quia
823 1628 993 1702 utramque
1014 1614 1159 1698 diligitis,
1174 1627 1304 1700 accepta

351 1724 593 1805 opportunitate
615 1719 716 1784 redire
739 1742 800 1783 non
831 1718 996 1792 differatis,
1020 1738 1069 1795 ne,
1097 1715 1185 1801 quod
1206 1716 1300 1791 absit,

351 1823 437 1908 quod
452 1843 535 1906 soepe
547 1821 695 1899 diximus,
711 1822 788 1885 fiant
803 1820 995 1886 conditionis
1011 1834 1123 1883 vestroe
1135 1817 1302 1882 novissima

351 1942 475 2006 semper
490 1921 647 1986 deteriora
662 1922 833 2007 prioribus.
858 1920 1029 1986 Potestatis
1039 1921 1122 1983 enim
1134 1943 1153 1983 a
1163 1919 1303 1984 Domino

351 2022 532 2087 constitutae
547 2023 764 2108 geminabitur
778 2022 966 2107 indignatio,
983 2022 1009 2085 si
1032 2034 1209 2105 porrectam
1230 2041 1302 2103 gra·

352 2123 427 2187 tiam
443 2126 602 2188 contemni
618 2123 829 2210 praesenserit.

425 2295 650 2360 EPISTOLA
674 2296 840 2361 CIL—an
854 2313 1085 2358 ammonuit
1100 2312 1220 2357 eman.
1275 2346 1277 2351 .

588 2430 728 2492 Domino
746 2430 844 2511 Papa
860 2429 1055 2492 Ateaandro.

393 2547 612 2610 Saucrmms
627 2559 741 2609 vestrae
761 2545 948 2609 mandatum
969 2543 1079 2609 debita
1101 2548 1299 2610 veneratione

348 2646 566 2731 suscipientes,
593 2645 803 2709 creditoribus
825 2644 938 2709 restris
957 2643 1179 2722 satisfecimus,
1196 2648 1300 2730 parati

349 2767 472 2831 semper
494 2746 676 2829 apostolicis
697 2745 828 2810 obedire
850 2744 1019 2823 mandatis,
1034 2745 1089 2809 sed
1104 2744 1300 2831 apostolatus

349 2848 445 2911 vestri
455 2854 596 2931 tempore
607 2847 806 2932 paratissimi.
853 2847 920 2909 Noa
930 2846 1046 2910 etenim
1059 2869 1116 2930 per
1127 2846 1300 2911 misericor-

350 2948 435 3011 diam
458 2949 587 3012 Domini
602 2971 621 3011 a
636 2948 699 3012 fide
721 2950 874 3012 Romanae
893 2948 1043 3028 ecclesiae,
1056 2947 1097 3011 ab
1111 2947 1301 3013 obedientiae

349 3048 519 3126 famulatu,
535 3071 598 3113 non
613 3072 731 3127 carcer,
746 3072 807 3113 non
820 3049 955 3134 gladius,
971 3071 1044 3123 non,
1057 3048 1083 3111 si
1098 3071 1162 3134 qua
1172 3052 1301 3134 gravior

348 3164 396 3214 est
426 3153 615 3235 persecutio,
652 3152 831 3235 separabit:
866 3151 1041 3235 praesertim
1074 3173 1174 3235 quum
1207 3150 1300 3215 illum

349 3251 513 3316 videamus
527 3253 559 3315 in
577 3253 692 3318 throno
708 3253 794 3317 Petri
811 3266 1006 3338 regnantem,
1020 3275 1040 3315 a
1055 3276 1121 3337 quo
1136 3251 1300 3315 doloribus

348 3353 464 3417 nostris
484 3354 631 3418 solatium
655 3368 872 3440 expectamus.
918 3355 1025 3418 Multa
1039 3352 1196 3438 siquidem
1212 3370 1298 3428 sunt,

347 3469 379 3519 et
394 3455 460 3518 fere
482 3454 706 3540 importabilia,
729 3480 802 3540 quae
819 3477 878 3541 pro
897 3455 992 3517 domo
1008 3453 1137 3518 Domini
1153 3452 1297 3527 libenter,

348 3578 451 3643 quum
473 3556 518 3621 ita
540 3571 685 3641 oporteat
708 3556 787 3634 lieri,
803 3556 1006 3629 sustinemus,
1029 3567 1061 3618 et
1083 3567 1165 3618 certe
1179 3554 1300 3638 majora

348 3679 442 3741 quam
474 3678 548 3741 quae
578 3657 695 3740 scripto
724 3655 880 3719 committi
908 3653 1067 3740 expediat.
1129 3656 1299 3740 Speremus

346 3769 453 3820 autem
471 3755 554 3841 quod
578 3779 615 3818 ea
635 3756 666 3818 in
690 3755 778 3819 brevi
801 3770 930 3819 auctore
952 3756 1091 3820 Domino
1112 3756 1145 3819 in
1167 3754 1298 3819 auribus

347 3857 457 3921 vestris
486 3856 683 3919 commodius
713 3871 885 3942 praesentes
914 3880 1121 3944 exponemus,
1149 3880 1187 3921 eo
1209 3857 1298 3944 quod

346 3980 402 4021 vos
417 3957 457 4021 ad
483 3955 663 4022 Galliarum
685 3970 793 4042 partes
815 3957 1016 4036 descendere,
1039 3963 1124 4025 sama
1144 3960 1210 4023 fere
1231 3982 1297 4023 om-

345 4059 433 4124 nium
462 4082 600 4124 consona
622 4082 697 4124 voce
719 4059 928 4126 concelebrat.
975 4062 1199 4148 Supplicamus
1220 4083 1297 4146 ergo

345 4162 503 4248 majestati
518 4176 641 4237 vestrae,
659 4178 695 4226 ut
711 4185 768 4226 nos
784 4162 824 4227 de
845 4162 985 4226 adventu
1008 4176 1124 4239 vestro,
1140 4162 1165 4225 si
1181 4165 1296 4246 placet,

345 4263 518 4349 dignemini
529 4263 994 4350 praemunire,quopaternitati
1006 4277 1131 4339 restrae,
1145 4277 1182 4328 ut
1192 4264 1295 4340 decet,

344 4364 523 4450 promptius
538 4386 751 4437 occurramus,
767 4376 799 4426 et
814 4360 1079 4429 desideratissimo
1091 4363 1297 4428 beatitudinis

346 4477 458 4539 vestrm
474 4464 542 4526 visu
566 4477 598 4528 et
620 4462 762 4546 alloquio
785 4463 882 4526 citius·
900 4464 1107 4548 gaudeamus.
1152 4465 1297 4546 Interim,

342 4580 434 4651 pater
456 4564 649 4643 dulcissime,
671 4587 728 4626 nos
750 4567 939 4650 scriptorum
964 4580 1140 4631 vestrorum
1171 4566 1294 4644 solatio,

342 4678 375 4729 et
398 4662 593 4749 Apostolicae
616 4661 812 4727 salutationis
836 4663 986 4728 beneficio
1017 4666 1154 4749 petimus
1177 4669 1296 4751 sapius

347 4766 480 4844 visitari,
501 4786 539 4827 ne
554 4764 599 4848 pii
622 4761 770 4827 desiderii
793 4765 892 4828 nostri
908 4764 1030 4846 dilatio,
1052 4781 1109 4832 aut
1131 4769 1295 4833 servitutis

346 4878 463 4931 nostrae
478 4874 708 4950 contemptum,
722 4879 777 4929 aut
793 4865 954 4931 defectum
970 4868 1082 4953 gratiae
1098 4883 1222 4950 vestrm,
1238 4884 1294 4935 aut
