3300 6434
402 1225 469 1284 *156
666 1237 801 1284 soanurs
818 1236 1097 1284 sanusnsnransrs
1267 1224 1311 1302 [a.
1331 1244 1360 1286 n.

403 1390 521 1453 crimen
542 1387 714 1453 invitasse?
742 1388 900 1472 Praecepit
923 1388 998 1451 item
1023 1401 1060 1452 ut
1082 1410 1140 1474 pro
1162 1390 1362 1476 beneplacito

402 1490 627 1554 monachorum
644 1487 684 1551 ad
708 1486 847 1551 tribunal
864 1488 1044 1551 londonias
1067 1488 1251 1573 litigaturus
1272 1514 1360 1555 acce·

404 1590 522 1654 derem.
561 1588 645 1667 Quid
663 1588 786 1653 multa?
812 1612 873 1673 ego
892 1611 950 1653 nec
972 1591 1004 1652 in
1028 1590 1169 1667 minimo,
1186 1592 1240 1675 qui
1265 1606 1311 1655 tot
1328 1606 1359 1655 et

402 1705 507 1757 tantos
533 1692 648 1754 amicos
675 1692 707 1752 in
734 1689 865 1753 ecclesia
888 1692 1034 1754 Romana
1061 1691 1182 1754 habeo:
1215 1694 1359 1756 monachi

402 1792 448 1856 illi
464 1792 586 1856 suntin
602 1789 750 1854 omnibus
764 1790 920 1856 exauditi.
954 1795 1034 1857 Haec
1047 1791 1079 1855 in
1096 1792 1229 1855 auribus
1246 1798 1359 1858 vestris

399 1893 494 1958 corde
515 1905 547 1955 et
567 1914 621 1955 ore
644 1904 756 1955 moesto
776 1891 912 1975 depono,
929 1905 964 1956 ut
984 1891 1179 1978 quandoque
1202 1894 1359 1958 similibus

400 1994 531 2059 obviare
543 1992 706 2057 studeatis.
736 1994 785 2057 De
795 2006 911 2058 caetero
923 1993 1133 2059 creditoribus
1146 1996 1256 2059 restris
1268 1998 1359 2060 satis·

400 2096 545 2176 fecimus,
560 2093 640 2159 nihil
655 2094 844 2180 accipientes
859 2094 899 2158 de
914 2095 1049 2181 pecunia
1064 2100 1163 2160 sancti
1181 2098 1313 2161 Bertini.

471 2402 694 2466 EPISTOLA
717 2403 894 2467 CVL—an
908 2424 1141 2470 anumnonuu
1159 2426 1279 2472 rursu.

642 2554 782 2617 Domino
796 2555 897 2636 Papo
913 2555 1108 2619 Alacandro.

442 2701 620 2781 Nosrnuu,
635 2713 667 2764 et
689 2700 840 2780 ecclesiae,
857 2727 930 2789 quae
950 2702 1037 2788 apud
1059 2727 1117 2769 uos
1139 2719 1199 2780 cst,
1224 2720 1355 2785 statum,

397 2802 487 2867 vobis
506 2824 564 2887 per
581 2803 796 2867 Herebertum
813 2818 952 2870 restrum
976 2805 1078 2870 missis
1098 2806 1209 2871 litteris
1232 2810 1353 2893 signifi·

395 2904 548 2981 cavimus,
560 2917 592 2967 at
608 2902 661 2966 ille
673 2916 729 2967 aut
744 2928 801 2990 per
813 2904 966 2969 malitiam
979 2904 1132 2991 prodidit,
1143 2922 1199 2972 aut
1211 2909 1352 2996 perdidit

394 3028 452 3093 per
474 3005 711 3090 negligentium,
734 3020 792 3071 aut
815 3030 868 3071 eas
889 3008 1019 3072 amissas
1041 3032 1107 3073 esse
1129 3010 1352 3075 fraudulenter

395 3108 567 3172 simulavit.
603 3109 708 3186 Quum
725 3108 807 3170 enim
824 3107 973 3173 dimissus
988 3133 1007 3173 a
1022 3112 1113 3176 vobis
1128 3112 1215 3198 apud
1232 3112 1352 3177 cancel-

394 3208 507 3273 larium
523 3209 607 3291 regis
620 3207 802 3292 Anglurum
818 3231 875 3294 per
888 3231 1025 3273 mensem
1041 3224 1073 3275 et
1089 3214 1228 3297 amplius
1243 3226 1352 3277 contra

393 3307 637 3396 prohibitionem
649 3321 785 3373 vestram
795 3322 1005 3394 expectasset,
1016 3312 1145 3374 remisso
1154 3313 1186 3375 in
1201 3312 1349 3398 Angliam

393 3410 507 3474 nuntio
519 3432 575 3473 uos
587 3432 643 3494 per
655 3409 777 3473 litteras
789 3410 952 3474 memorati
964 3411 1143 3476 cancellarii
1156 3413 1349 3492 sollicitavit,

393 3525 429 3576 ut
460 3512 488 3575 ei
518 3512 639 3576 litteras
665 3510 824 3596 prioribus
854 3511 982 3592 similes,
1007 3536 1088 3599 quas
1117 3514 1178 3578 sibi
1208 3516 1351 3580 sublatas

392 3612 597 3698 querebatur,
614 3610 847 3677 remitteremus
866 3613 907 3677 ad
930 3637 988 3679 vos
1008 3614 1133 3680 lidelius
1153 3615 1349 3681 deferendas.

393 3712 477 3787 Quia
491 3710 591 3796 igitur
612 3735 726 3797 parum
748 3712 852 3777 fidelis
872 3715 1033 3801 inprimis
1054 3716 1174 3791 extitit,
1191 3717 1350 3782 malumus

391 3815 554 3900 proprium
569 3816 716 3876 nuntium
728 3813 899 3891 destinare,
912 3838 1009 3899 quam
1023 3817 1162 3881 secundo
1177 3819 1280 3903 decipi
1293 3842 1350 3905 per

391 3913 539 3977 alienum.
567 3915 632 3977 Vos
643 3913 791 3975 nuntium
805 3929 941 3977 restrum
955 3937 1013 3999 pro
1030 3916 1228 4001 beneplacito
1244 3933 1349 3983 vestro

388 4013 592 4090 convenietis,
611 4029 654 4092 et,
676 4013 700 4076 si
724 4014 839 4098 placet,
860 4036 944 4094 eum,
967 4032 1002 4080 nt
1025 4016 1152 4080 cantius
1168 4030 1200 4080 ct
1215 4017 1346 4082 fidelius

389 4117 516 4203 negotia
532 4129 636 4180 vestra
650 4129 842 4201 exequatur,
857 4115 1014 4180 instruite.

346 4206 349 4210 ‚
433 4225 484 4285 De
506 4231 621 4284 caetero
646 4220 791 4282 monachi
821 4219 921 4283 sancti
947 4219 1123 4303 Augustini
1146 4220 1292 4284 ecclesias
1314 4222 1346 4285 in

390 4322 497 4388 fundis
517 4343 626 4384 corum
651 4321 727 4384 sitas
750 4322 842 4385 nobis
858 4320 1045 4386 subtrahere
1067 4323 1300 4402 machinantur,
1315 4338 1346 4387 et

388 4424 465 4509 quia
480 4422 511 4485 in
533 4422 634 4484 oculis
656 4421 795 4485 ccclesiae
812 4424 966 4486 Romanae
989 4421 1123 4506 gratiam
1144 4424 1346 4499 invenerunt,

388 4529 414 4590 si
438 4523 517 4609 quid
541 4522 653 4588 salutis
676 4522 778 4597 nobis,
799 4536 855 4587 aut
878 4525 1018 4587 ecclesiae
1041 4539 1158 4589 nostrae
1178 4524 1347 4591 decernitis

389 4624 644 4710 relinquendum,
673 4648 782 4710 preces
811 4649 920 4689 eorum
952 4626 1085 4690 ulterius
1115 4628 1147 4691 iu
1178 4627 1345 4714 dispendia

387 4742 494 4791 nostra
521 4749 582 4787 non
612 4727 796 4792 admittatis.
844 4730 1003 4792 Praeterea
1030 4730 1181 4794 noveritis
1207 4730 1343 4794 liberum

387 4852 453 4893 csse
472 4827 619 4891 omnibus
642 4826 811 4912 appellare.
858 4829 950 4904 Quod
973 4852 1012 4893 cx
1036 4854 1073 4893 eo
1089 4828 1181 4894 vobis
1200 4848 1344 4895 constare
