3300 6434
430 1194 490 1255 190
691 1205 827 1250 scaurus
843 1204 1121 1251 saansauurausrs
1287 1191 1333 1267 [a
1353 1211 1382 1254 o.

425 1361 498 1424 hot&
512 1371 585 1424 esse.
631 1361 754 1439 Regem
775 1370 921 1422 nostrum
943 1357 1057 1421 Franci
1081 1359 1193 1423 timent
1212 1362 1331 1443 pariter
1351 1377 1382 1426 ct

425 1459 572 1536 oderunt,
583 1460 641 1523 sed
652 1470 757 1524 tamen
769 1458 858 1541 qnod
869 1459 912 1523 ad
928 1459 1012 1534 illos,
1025 1459 1133 1542 quieto
1145 1474 1177 1523 et
1191 1462 1256 1532 alto
1269 1484 1381 1527 somno

425 1561 563 1626 (ἰοηῐιὶτο
577 1571 696 1646 potest.

466 1664 511 1728 Et
532 1664 608 1748 quia
629 1664 825 1727 &mensem
845 1662 933 1728 adire
957 1684 1020 1726 non
1044 1664 1147 1745 potui,
1163 1665 1270 1728 literas
1291 1687 1379 1730 meas

424 1763 465 1829 ad
491 1768 641 1828 abbatem
656 1764 689 1828 S.
705 1764 845 1846 Remigii
865 1765 1094 1830 amicissimum
1112 1766 1191 1828 mihi
1214 1766 1328 1842 direxi,
1346 1782 1382 1830 ut

423 1868 457 1929 in
482 1866 544 1930 hac
568 1876 657 1949 parte
681 1866 829 1947 suppleat
853 1865 941 1929 sices
966 1886 1063 1930 meas.
1106 1867 1266 1931 Caeterum
1297 1870 1376 1932 mihi

424 1966 549 2031 videtur
573 1987 644 2031 esse
669 1966 851 2043 consilium,
876 1977 910 2030 nt
935 1987 993 2048 per
1017 1969 1156 2051 aliquem
1183 1970 1378 2036 monachum

425 2069 582 2146 Boxlciae,
593 2068 730 2132 aliumve
747 2068 899 2132 nuncium
912 2068 1040 2133 fidelem
1051 2072 1158 2134 literas
1170 2084 1288 2135 vestras
1304 2095 1378 2137 cum

424 2172 532 2256 aliquo
546 2171 737 2236 munusculo
752 2169 972 2234 transmittatis
993 2172 1035 2236 ad
1057 2172 1223 2236 dominum
1239 2174 1380 2237 Remen-

424 2294 503 2351 sam,
515 2273 772 2356 contrahatisque
788 2294 863 2335 cum
877 2294 917 2335 eo
928 2272 1191 2338 familiaritatem:
1216 2277 1300 2348 Quia
1315 2277 1380 2353 itte,

425 2374 570 2459 quisquis
584 2374 673 2437 sitin
690 2395 838 2455 persona,
850 2396 985 2456 maguus
1000 2386 1049 2438 est
1063 2376 1095 2441 in
1112 2398 1208 2458 regno
1221 2376 1247 2438 F
1249 2378 1378 2451 sancias,

426 2489 459 2541 at
472 2478 506 2539 in
526 2476 663 2539 ccclesia
677 2477 826 2541 Romana
847 2478 980 2541 multum
1002 2488 1119 2561 potest,
1134 2489 1201 2542 tum
1218 2501 1276 2562 pro
1297 2501 1380 2560 rege,

425 2589 493 2643 tam
509 2599 567 2661 pro
578 2578 751 2642 eminentia
760 2579 908 2642 ecclesian
920 2601 997 2643 susa.
1023 2580 1074 2644 Ad
1083 2582 1251 2645 ecclesiam
1263 2582 1380 2644 Roma-

426 2703 500 2746 nam
519 2680 663 2746 nondum
682 2679 845 2759 adscendi,
867 2680 1045 2758 declinans,
1065 2695 1219 2766 quantum
1239 2705 1381 2766 possum,

426 2808 467 2851 no
482 2785 624 2870 suspicio
646 2784 823 2869 probabilis
838 2796 949 2849 contra
964 2808 1015 2850 ms
1033 2786 1164 2871 concipi
1180 2786 1305 2852 debeat.
1335 2789 1380 2850 Et

426 2890 489 2956 hoc
504 2891 621 2972 ipsum,
632 2888 717 2951 sicut
729 2908 773 2951 ex
784 2888 886 2953 literis
901 2888 1023 2953 domiui
1035 2890 1246 2954 Pictasiensis
1258 2892 1380 2974 accepi,

428 2989 559 3055 domino
573 3009 668 3073 papae
683 3001 716 3052 et
731 2990 825 3053 curiae
842 2989 919 3054 satis
933 2990 1081 3054 innotuit.
1107 2991 1259 3074 Receptis
1273 3002 1378 3056 antem

426 3090 525 3153 literis
542 3084 664 3165 vestris,
680 3086 767 3153 illico
788 3090 901 3173 scripsi
920 3090 1051 3155 domiuo
1076 3092 1230 3164 Haurico,
1247 3103 1280 3155 et
1301 3092 1380 3154 Wil-

426 3191 521 3253 lclmo
536 3190 701 3272 Papiensi,
715 3202 746 3252 et
760 3191 838 3253 satis
858 3191 1041 3273 explanavi,
1057 3192 1092 3255 iu
1110 3205 1259 3276 quantam
1275 3194 1380 3276 perni-

427 3291 509 3357 cicm
533 3291 679 3355 ecclesian
706 3292 862 3355 Romanae
888 3291 1020 3357 tendant
1042 3294 1124 3370 hoec,
1146 3295 1172 3358 si
1194 3313 1379 3378 processum

427 3392 606 3472 bahurim,
635 3414 707 3478 qna
735 3402 851 3456 contra
878 3413 935 3456 vos
965 3406 1209 3476 presumuntur.
1260 3395 1379 3457 Distuli

426 3508 532 3561 antam
549 3498 627 3561 illuc
641 3496 694 3574 ire,
708 3493 839 3577 quiade
854 3495 989 3559 transitu
1000 3495 1127 3561 abbatis
1141 3496 1244 3561 sancti
1255 3497 1392 3576 Augus.

424 3599 498 3675 tini,
520 3610 575 3663 aut
589 3597 733 3683 episcopi
749 3596 956 3662 Lexoviensis
969 3598 1051 3662 nihil
1072 3608 1192 3663 certum
1204 3610 1284 3662 erat:
1306 3599 1381 3662 etsi

428 3699 469 3762 ad
484 3702 602 3765 curiam
622 3702 774 3778 venerint,
788 3701 885 3764 nobis
904 3721 961 3783 per
976 3701 1167 3783 Magistrum
1191 3703 1380 3780 Henricum,

426 3802 485 3884 qni
500 3801 545 3863 ibi
560 3814 707 3881 moratur,
723 3800 786 3865 cito
801 3802 919 3885 poterit
933 3803 1143 3866 innotescere.

472 3905 590 3967 Verum
616 3904 694 3988 quid
718 3906 764 3969 ibi
784 3915 863 3969 tnnc
889 3905 1060 3990 possimus,
1084 3928 1148 3969 non
1169 3909 1255 3971 clare
1276 3907 1378 3969 siden.

429 4005 550 4071 Contra
574 4026 631 4068 vos
657 4005 742 4068 enim
772 4006 896 4070 faciunt
923 4006 1034 4081 multa,
1059 4026 1163 4087 pauca
1192 4027 1249 4087 pro
1280 4007 1379 4067 vobis.

428 4108 567 4170 Venient
580 4107 666 4170 enim
678 4108 787 4187 magni
803 4108 872 4180 viri,
883 4102 997 4169 divites
1011 4106 1045 4169 iu
1057 4105 1210 4169 effusione
1222 4100 1380 4186 pecuniae,

427 4230 524 4293 qnam
554 4230 718 4292 nunqnam
750 4210 853 4273 Roma
881 4208 1094 4291 contempsit:
1129 4218 1284 4289 eruntque
1314 4229 1380 4270 uou

429 4311 527 4373 modo
549 4332 619 4387 sua,
645 4310 702 4374 sed
729 4311 852 4374 domini
879 4312 974 4393 regis,
998 4331 1094 4393 quam
1120 4309 1206 4374 curia
1233 4309 1266 4372 in
1292 4310 1381 4372 nullo

430 4413 562 4475 audebit
580 4412 752 4490 offendere,
771 4414 958 4476 anctoritate
982 4414 1061 4476 freti.
1100 4411 1152 4477 Ad
1174 4412 1243 4475 haec
1267 4412 1381 4474 muniti

430 4525 520 4578 amnt
536 4510 712 4597 privilegiis
727 4515 872 4578 ecclcsiae
888 4516 1056 4593 Romania,
1067 4537 1139 4599 quae
1153 4515 1185 4577 iu
1197 4513 1381 4597 hujusmodi

429 4616 534 4678 causis
546 4637 711 4700 nunquam
727 4617 918 4700 cuicumque
934 4616 1090 4700 episcopo
1100 4615 1218 4680 detulit
1231 4625 1287 4678 ant
1298 4636 1379 4678 raro.

429 4716 587 4780 &mutus
600 4740 685 4801 papa
705 4719 739 4780 in
755 4739 852 4782 causa
870 4718 932 4781 hac
946 4714 1042 4781 uobis
1057 4739 1186 4801 semper
1207 4728 1255 4780 ast
1270 4715 1380 4780 advar-

430 4827 528 4895 κως,
543 4832 574 4879 ot
589 4819 698 4882 adhuc
721 4841 787 4881 nou
809 4831 914 4884 cassat
933 4819 1176 4902 reprehendero,
1197 4817 1282 4901 quod
1306 4817 1381 4879 facit
