3300 6434
352 1218 544 1297 ttae-61]
730 1236 909 1280 nmsrosm.
1235 1227 1295 1285 tus

345 1401 428 1451 ceret
450 1386 516 1463 alii,
539 1400 595 1454 aut
621 1399 781 1475 quaestum
805 1386 922 1449 faceret
945 1386 1016 1465 sibi,
1039 1386 1185 1472 spoliare.
1231 1389 1294 1453 Sed

344 1489 460 1553 amodo
474 1489 546 1569 erit,
560 1503 689 1553 auctore
713 1487 863 1564 Domino,
879 1487 1113 1553 alienissimum.
1161 1494 1235 1554 Non
1255 1489 1296 1554 ad

344 1589 493 1675 injuriam
509 1590 646 1676 alicujus
660 1591 729 1655 haec
745 1589 859 1653 scribo.
906 1590 966 1653 Sed
986 1589 1126 1675 depingo
1140 1609 1312 1676 organum*

346 1694 482 1772 Satanae,
503 1691 590 1777 quod
613 1692 674 1757 sub
692 1691 790 1777 pallio
812 1690 910 1778 hujus
932 1693 1127 1778 quandoque
1149 1691 1296 1758 ridemus

344 1794 487 1859 latitare:
519 1794 644 1859 latitare
666 1793 809 1880 inquam,
833 1806 865 1859 at
893 1794 1027 1859 insanire
1049 1806 1081 1859 et
1106 1794 1295 1860 debacchari

344 1898 461 1960 rectius
475 1896 621 1960 dixerim.
668 1900 791 1960 Nomen
807 1894 889 1959 enirn
913 1898 1081 1960 honesturn
1104 1910 1136 1960 et
1158 1896 1247 1975 utile,
1262 1914 1295 1961 et

345 2020 365 2061 a
387 1998 503 2061 sanctis
524 1997 670 2084 patribus
695 1996 829 2083 proinde
857 1997 1041 2062 institutum
1072 2009 1131 2075 est,
1154 1998 1207 2062 scd
1235 1998 1297 2063 sub

344 2097 498 2163 velamine
524 2100 663 2185 pietatis,
684 2099 828 2184 rectique
854 2097 959 2175 officii,
982 2098 1103 2161 vesanit
1128 2098 1212 2162 actio
1236 2101 1294 2163 im·

346 2200 474 2286 pudica,
489 2224 572 2265 coeea
593 2200 739 2280 ambitio,
754 2199 926 2264 crudelitas
948 2198 1057 2284 impia,
1069 2197 1202 2283 insignis
1222 2222 1298 2263 ava·

346 2300 430 2381 ritia,
444 2303 592 2389 impurus
612 2316 644 2367 et
666 2301 837 2389 impudens
860 2317 1001 2387 questus.
1046 2300 1133 2379 Quid
1156 2300 1297 2367 delatore

347 2424 430 2482 sene,
445 2404 618 2482 sacerdote,
632 2406 800 2489 impurius,
813 2403 1048 2489 impudentius,
1062 2415 1120 2468 aut
1135 2403 1295 2489 nequius?

348 2503 517 2587 Numquid
530 2517 649 2568 tantam
663 2504 757 2567 famae
767 2515 799 2567 et
811 2503 1009 2567 conscientiae
1019 2503 1179 2587 jacturam
1191 2503 1297 2584 saciet,

348 2613 384 2665 ut
399 2601 522 2688 placeat
537 2603 728 2668 satellitibus
738 2606 861 2668 curiae?
890 2614 947 2666 aut
962 2601 1124 2687 quomodo
1138 2604 1163 2666 si
1175 2602 1221 2668 eis
1232 2601 1296 2667 dis·

347 2702 507 2788 plicuerit,
522 2704 737 2769 ministrabit?
771 2706 809 2767 ln
833 2726 967 2777 summa,
983 2716 1040 2767 aut
1062 2703 1145 2780 illos,
1160 2716 1216 2769 aut
1240 2727 1296 2769 vos

347 2804 477 2870 babebit
494 2806 636 2882 infestos,
649 2828 750 2892 quum
766 2819 915 2871 neutrum
932 2810 960 2871 ei
975 2804 1137 2891 expediat,
1149 2819 1205 2870 aut
1221 2808 1296 2872 suis.

346 2907 472 2970 Parcite
485 2930 562 2993 ergo
576 2909 688 2983 amico,
701 2930 758 2971 nec
772 2907 801 2971 ei
813 2907 998 2982 multorum,
1011 2921 1042 2971 et
1059 2906 1147 2993 quod
1160 2909 1297 2974 maxime

348 3029 503 3085 veremur,
535 3008 663 3073 Domini
692 3008 874 3073 inimicitias
904 3008 1090 3094 procuretis.
1136 3009 1298 3075 Noveritis
1336 3003 1340 3011 ’

347 3122 454 3174 autem
478 3110 555 3197 quia
575 3111 724 3175 dominus
745 3110 1001 3196 archiepiscopus
1022 3110 1206 3197 petitionem
1229 3135 1296 3176 ves-

348 3225 431 3277 tram
446 3212 575 3277 omnino
596 3213 757 3300 reprobat,
772 3235 829 3277 nec
851 3212 989 3297 aliquem
1013 3235 1052 3276 ex
1075 3210 1183 3276 amicis
1204 3212 1297 3278 deca·

348 3336 422 3379 num
435 3314 632 3402 hujusmodi,
643 3314 677 3379 id
692 3330 740 3380 est
753 3315 926 3380 delatorem
942 3315 1213 3392 convicaneorum,
1228 3314 1296 3377 fieri

350 3416 530 3483 sustinebit.

348 3741 570 3807 EPISTOLA
591 3743 869 3807 LXXVIIL-sn
881 3759 1140 3806 csncasmmnn
1152 3760 1294 3809 ansam.

390 3896 411 3959 J
414 3912 501 3958 uxta
512 3891 698 3958 mandatum
714 3889 893 3955 dilectionis
905 3900 1030 3967 vestrae,
1041 3888 1161 3957 litteras
1176 3893 1295 3959 domini

349 3995 409 4059 mei
436 3994 478 4059 ad
504 3994 667 4059 dominum
694 4015 800 4079 regern
826 4006 858 4057 et
883 4015 940 4056 vos
965 3992 1024 4057 snb
1046 4015 1083 4055 ea
1108 3996 1297 4058 auctoritate

348 4118 564 4182 conceperam,
591 4109 628 4161 ut
654 4096 745 4161 vobis
775 4094 930 4160 redeundi
956 4094 1105 4157 festinata
1131 4094 1298 4158 necessitas

347 4198 617 4278 indiceretur,nisi
627 4198 744 4262 crimen
755 4191 977 4260 inobedientiae
987 4192 1298 4274 malletisincurrere,

348 4310 468 4362 etcum
485 4320 581 4383 poena
595 4295 806 4361 anathematis
819 4293 1020 4380 dispendium
1038 4294 1204 4368 bonorum,
1221 4315 1298 4380 quoe

349 4397 605 4462 aCantuariensi
625 4394 754 4458 ecclesia
774 4394 909 4468 habetis,
926 4393 1090 4458 sustinere.
1135 4395 1296 4461 Caeterum

349 4498 389 4562 ad
406 4520 514 4584 preces
529 4497 632 4582 regias
643 4496 684 4560 ab
696 4495 857 4581 insperato
867 4517 925 4581 per
942 4495 1112 4578 Hugonem
1129 4495 1170 4558 de
1186 4498 1299 4562 Doura

349 4599 478 4663 domino
504 4622 574 4663 meo
600 4611 760 4684 porrectas
786 4618 858 4660 cum
889 4593 1052 4660 blanditiis
1077 4608 1110 4661 et
1140 4598 1299 4683 promissi.

349 4702 463 4766 onibus
485 4699 685 4780 transmissis,
699 4700 786 4775 bunc
808 4708 936 4762 coactus
953 4721 1036 4775 sum,
1054 4711 1187 4783 urgente
1209 4723 1297 4768 man·

350 4806 426 4871 dato
448 4804 568 4869 domini
595 4803 668 4879 mei,
692 4818 867 4887 temperare
893 4803 1042 4884 rigorem,
1065 4814 1095 4864 et
1119 4804 1296 4870 necessitati
