3300 6434
396 1243 458 1302 ³80
651 1254 788 1301 sossius
803 1252 1081 1301 ssssssssmssrs
1260 1237 1311 1319 [s.
1330 1258 1365 1303 n.

393 1407 498 1491 copia.
535 1407 660 1473 Caetera
675 1407 836 1470 Dominus
850 1406 1051 1484 ministrabit,
1062 1407 1118 1491 qui
1133 1418 1310 1492 sperantes
1325 1410 1360 1472 in

391 1531 427 1574 se
441 1531 507 1573 non
522 1507 649 1588 deserit,
660 1530 721 1573 nec
737 1508 861 1594 aliquid
874 1508 953 1571 boni
969 1519 1108 1571 reservat
1123 1508 1361 1575 deserentibus

390 1609 499 1691 tidem,
514 1620 546 1675 et
560 1611 800 1675 simulatoribus
821 1608 911 1688 fidei,
925 1618 960 1673 et
977 1611 1268 1692 persequutoribus
1283 1614 1360 1677 the·

392 1716 533 1778 saurizat
546 1715 624 1778 iram
639 1714 673 1776 in
689 1714 775 1777 diem
791 1713 905 1777 suroris
920 1713 980 1775 sui.

449 1968 672 2034 EPISTOLA
694 1969 1001 2033 CLXXXIX-an
1015 1986 1097 2031 rrae.
1113 1986 1304 2034 emannnrr

651 2089 812 2136 suessae.
862 2069 907 2150 [s.
924 2090 956 2133 n.
974 2069 1084 2150 1166.]

629 2207 793 2288 Mapistro
810 2206 955 2269 Girerdo
969 2205 1111 2269 Pucelle.

434 2327 577 2390 Prsnau
607 2323 778 2388 devotione
807 2334 840 2387 et
868 2322 1048 2387 eruditione
1076 2344 1180 2407 nuper
1209 2345 1229 2388 a
1260 2325 1356 2389 vobis

392 2428 498 2510 recepi
527 2426 706 2511 epistolam,
731 2445 828 2508 quam
858 2445 922 2509 quo
951 2421 1138 2507 diligentius
1163 2426 1288 2507 relego,
1314 2448 1354 2490 eo

392 2528 555 2593 societatis
584 2536 697 2591 vestrae
726 2527 876 2591 solatium
908 2525 1003 2589 nobis
1042 2526 1242 2590 subtractum
1282 2548 1355 2591 esse

391 2629 538 2695 acerbius
559 2628 748 2708 ingemiseo.
800 2628 973 2703 Caeterum,
997 2647 1095 2710 quum
1117 2634 1187 2691 tota
1211 2629 1354 2713 epistola

392 2741 460 2796 tum
475 2729 525 2793 sui
540 2735 718 2801 venustate,
733 2738 799 2790 tum
816 2729 986 2793 affectione
1001 2740 1034 2794 et
1047 2730 1225 2793 reverentia
1246 2732 1355 2795 nomi·

391 2833 443 2897 nis
473 2830 569 2894 vestri
602 2829 773 2914 plurimum
811 2840 979 2910 mereatur,
1006 2829 1088 2895 illud
1124 2853 1192 2915 prae
1221 2834 1354 2896 caeteris

389 2936 495 3019 placet
510 2933 596 3018 quod
610 2933 644 2995 in
657 2934 746 2997 calce
756 2933 929 2997 litterarum
942 2932 1128 3017 prudenter,
1140 2944 1183 3013 et,
1195 2945 1231 2998 ut
1243 2956 1351 3020 spero,

391 3034 544 3099 veraciter
571 3032 741 3108 intulistis;
778 3054 835 3095 vos
865 3030 997 3110 dixisse,
1025 3033 1153 3111 fecisse,
1178 3034 1352 3118 scripsisse

390 3156 550 3221 perpenso
572 3144 684 3199 tenore
710 3135 886 3198 litterarum
912 3154 1066 3213 mearum,
1089 3133 1248 3219 quicquid
1271 3135 1350 3212 dici,

391 3237 499 3310 scribi,
530 3244 564 3300 et
591 3235 662 3298 fieri
690 3236 870 3319 oportebat.
923 3235 1007 3298 Mihi
1037 3246 1143 3300 autem
1171 3258 1351 3320 numquam

391 3336 704 3422 persuaderi'potuit
730 3336 815 3419 quod
841 3336 875 3398 in
902 3347 992 3400 tanto
1022 3337 1133 3401 salutis
1162 3336 1351 3404 discrimine

390 3440 512 3526 aliquid
542 3460 585 3504 ex
611 3438 872 3521 contingentibus
899 3438 1098 3516 omitteretis,
1123 3450 1156 3503 et
1184 3439 1348 3505 sordidam

390 3542 573 3606 divitiarum
588 3540 849 3605 evanescentium
865 3541 1145 3604 commutationem
1164 3562 1225 3623 pro
1240 3542 1349 3606 anima

389 3642 585 3726 recipiendo,
602 3662 667 3704 nou
686 3640 783 3704 modo
805 3640 1067 3724 philosophantis
1088 3663 1208 3706 nomen
1221 3643 1350 3707 velletis

390 3745 542 3820 emittere,
566 3742 623 3805 sed
648 3741 749 3826 (quod
772 3744 868 3824 longe
890 3744 1099 3825 perniciosius
1121 3746 1180 3824 est)
1207 3743 1348 3828 abjicere

391 3842 622 3905 conscientiam
645 3843 872 3906 Christianam.
918 3844 1012 3906 Absit
1034 3843 1108 3918 hoc,
1129 3846 1212 3907 absit
1235 3844 1348 3918 (dilec-

390 3940 524 4023 tissime)
539 3962 559 4004 a
573 3940 765 4005 discretione
781 3953 812 4006 et
827 3945 996 4008 honestate
1011 3956 1125 4022 vestra,
1140 3956 1176 4008 ut
1191 3964 1249 4027 pro
1264 3957 1348 4009 tem·

389 4045 490 4129 porali
505 4046 720 4109 emolumento
740 4045 867 4128 ponatis
890 4066 963 4107 cum
986 4045 1203 4110 schismaticis
1223 4047 1348 4129 portio·

389 4169 475 4226 nem,
504 4159 536 4211 et
569 4147 743 4232 quicquam
780 4146 820 4209 de
857 4147 1108 4211 Hierichontino
1143 4148 1346 4211 anathemate

389 4248 622 4332 imprudentius
649 4258 681 4311 et
707 4247 924 4331 impudentius
954 4248 1094 4332 rapiatis,
1119 4247 1207 4333 quod
1233 4249 1349 4312 castris

389 4351 524 4414 Domini
541 4350 741 4413 exercituum
763 4349 798 4412 in
821 4350 943 4413 ruinam
958 4360 990 4412 et
1012 4351 1189 4433 perniciem
1211 4370 1347 4414 conver·

390 4464 483 4518 tatur.
527 4454 573 4515 Et
593 4451 722 4535 quidem
736 4460 773 4514 ut
795 4452 962 4515 sententias
978 4464 1100 4531 vestrae,
1115 4454 1213 4516 immo
1235 4453 1349 4517 catho-

387 4558 460 4621 licae
475 4554 620 4619 ecclesiae
636 4554 816 4617 auctoritati
831 4554 1040 4632 consentiam,
1056 4554 1132 4617 dum
1154 4576 1253 4637 grana
1268 4576 1347 4619 curn

389 4657 499 4740 paleis,
514 4665 547 4719 et
562 4656 638 4719 boni
656 4656 750 4719 malis
772 4655 908 4719 admixti
931 4666 1014 4733 sunt,
1030 4658 1111 4719 etin
1126 4656 1347 4739 adimplendis

388 4758 546 4821 mandatis
563 4757 680 4839 Moysi,
691 4769 723 4821 et
733 4756 950 4840 promovenda
961 4757 1220 4841 praedestinantis
1234 4759 1345 4839 gratiae

389 4857 599 4940 dispositione
613 4860 738 4923 laborat
751 4861 857 4936 Jeme,
871 4860 1040 4924 anathema
1061 4861 1094 4923 in
1118 4860 1225 4925 medio
1242 4861 1346 4925 Israel
