3300 6434
504 1193 566 1255 180
761 1210 896 1253 inauris
912 1210 1187 1254 sanssnsnnmsrs
1365 1193 1409 1270 [s.
1427 1209 1458 1258 n.

507 1358 677 1426 adversarii
695 1363 765 1446 ejus
779 1362 912 1426 crimina
927 1362 1026 1425 multa
1041 1362 1072 1424 in
1098 1361 1226 1424 modum
1251 1360 1459 1447 exceptionis,

506 1466 723 1568 opposuerint,
737 1463 768 1526 in
784 1464 902 1548 quibus
917 1466 1012 1526 etiam
1027 1463 1256 1527 conveniebant
1271 1486 1342 1526 eum
1363 1485 1459 1548 super

505 1562 635 1627 crimine
651 1565 735 1629 laesae
750 1567 935 1651 majestatis,
947 1565 1088 1630 dicentes
1103 1588 1175 1628 eum
1191 1566 1382 1628 commisisse
1397 1564 1457 1627 sal·

506 1688 574 1729 sum
589 1670 619 1731 in
634 1666 744 1732 litteris
757 1668 869 1732 vestris
881 1691 960 1753 quas
971 1668 1163 1753 proferebat.
1203 1668 1300 1730 Vobis
1315 1666 1458 1750 quidem,

504 1781 536 1830 et
560 1768 713 1833 fratribus
736 1771 849 1834 vestris
872 1774 930 1856 qui
956 1770 1088 1834 aderant
1111 1769 1234 1845 obstiti,
1257 1768 1454 1833 dissimilitu-

470 1891 474 1897 ’
501 1867 622 1947 dinem,
637 1882 669 1933 et
685 1869 807 1934 litteras
830 1893 910 1956 quas
925 1870 965 1934 de
989 1870 1146 1935 industria
1160 1872 1270 1935 fecisse
1286 1874 1372 1934 visus
1396 1883 1454 1943 est,

503 1974 632 2034 omnino
656 1986 838 2056 suspectas:
870 1985 901 2035 et
924 1970 1007 2046 ideo,
1034 1985 1069 2035 ut
1095 1974 1185 2036 nobis
1208 1976 1312 2037 visum
1335 1986 1393 2047 est,
1413 1972 1453 2035 ad

502 2068 699 2134 celsitudinis
726 2085 837 2138 vestrae
863 2096 994 2136 examen
1024 2072 1238 2138 remittendas.
1284 2076 1358 2159 Ipse
1382 2095 1455 2135 vero

501 2185 683 2237 constanter
707 2197 739 2237 se
764 2197 890 2239 causam
919 2199 938 2237 a
962 2175 1052 2239 vobis
1078 2178 1234 2262 accepisse
1259 2177 1397 2251 dicebat,
1421 2188 1453 2239 et

501 2274 641 2337 omnium
659 2297 732 2359 quar
748 2276 951 2340 continentur
966 2277 998 2339 in
1011 2275 1136 2354 litteris,
1150 2278 1329 2340 Romanurn
1346 2276 1451 2360 ponti-

501 2374 590 2437 ficem
608 2375 755 2440 laudabat
771 2391 944 2442 auctorem.
991 2379 1086 2444 Unde
1102 2380 1212 2443 habito
1226 2380 1361 2442 fratrum
1381 2400 1452 2440 nos·

501 2489 625 2541 trorum
654 2477 797 2554 consilio,
828 2493 957 2566 accepta
986 2482 1027 2545 ab
1056 2505 1094 2544 eo
1118 2483 1276 2566 juratoria
1305 2481 1451 2543 cautione

502 2576 589 2660 quod
604 2591 710 2641 vestro
732 2580 831 2643 stabit
854 2583 1014 2657 mandato,
1030 2582 1155 2646 easdem
1178 2582 1269 2645 vobis
1292 2585 1450 2645 transmit-

500 2675 598 2740 timus
613 2702 671 2763 pcr
681 2679 833 2744 dilectum
846 2681 946 2746 filium
960 2698 1098 2748 restrum
1114 2684 1199 2749 Rad.
1213 2683 1447 2749 landavensem

500 2779 767 2858 archidiaconum,
784 2797 932 2868 rogantes
949 2797 985 2849 ut
1004 2809 1074 2849 eum
1092 2786 1122 2849 in
1142 2787 1241 2871 justis
1262 2784 1449 2870 postulatio-

500 2881 594 2945 nibus
609 2883 674 2946 suis
684 2884 833 2961 audiatis,
846 2900 877 2950 et
893 2888 1033 2951 miserias
1051 2887 1193 2952 Landav.
1209 2885 1357 2961 ecclesiae,
1368 2908 1449 2971 quas

499 2983 590 3047 vobis
604 3001 753 3071 exponet,
768 2987 868 3052 oculis
884 2991 1118 3075 propitiationis
1133 3005 1247 3055 vestrae
1264 2987 1446 3074 respiciatis.

499 3085 659 3150 Praeterea
682 3090 783 3166 nobis,
799 3090 823 3153 si
848 3090 950 3176 placet
975 3093 1149 3168 rescribite,
1165 3114 1230 3178 qua
1252 3090 1448 3155 animadver-

497 3185 584 3249 sione
599 3188 731 3253 t'eriendi
749 3204 824 3254 sunt
842 3204 1043 3277 corruptores
1065 3193 1241 3258 litterarum
1258 3205 1445 3256 vestrarum.

497 3287 634 3352 Difficile
645 3291 727 3353 enim
741 3306 788 3356 est
801 3293 840 3356 ad
855 3292 977 3378 singula
989 3292 1171 3379 hujusmodi
1183 3317 1257 3382 quae
1268 3306 1447 3376 emergunt,

494 3391 671 3475 majestatis
687 3408 801 3457 vestrae
816 3394 982 3458 consilium
999 3412 1176 3481 expectare.

616 3692 843 3757 EPISTOLA
866 3695 1090 3761 CXXX—an
1105 3720 1320 3764 aasarrssan.

880 3870 1055 3937 Alteram,

537 4002 783 4067 Nnantaunrrm
795 4017 871 4081 tua,
879 4021 914 4071 ut
924 4006 1048 4071 interim
1060 4006 1443 4095 sicdicatur,multiplices

491 4117 523 4167 et
538 4125 650 4188 graves
665 4128 812 4169 excessus
828 4108 962 4172 ulterius
977 4106 1175 4171 dissimulare
1187 4130 1248 4172 non
1259 4132 1440 4194 possumus,

489 4227 591 4291 quum
608 4206 648 4270 ad
665 4230 755 4272 aures
779 4211 915 4274 Romani
939 4209 1097 4296 pontificis
1116 4208 1232 4274 delicta
1254 4224 1309 4274 tua
1331 4235 1441 4297 perve-

488 4307 603 4385 nerint,
619 4324 649 4371 et
666 4307 819 4373 adversus
841 4311 1049 4377 innocentiam
1074 4325 1210 4377 vestram
1234 4327 1351 4377 sanctae
1377 4316 1441 4379 Ro-

488 4431 589 4472 manae
604 4410 743 4473 ecclesias
759 4426 931 4496 provocent
947 4412 1205 4498 indignationem.
1246 4417 1293 4479 Te
1310 4416 1438 4501 quidem

487 4534 570 4597 saepe
594 4512 784 4588 monuimus,
810 4527 845 4576 ut
868 4538 887 4576 a
910 4515 1028 4578 famosa
1052 4515 1266 4581 familiaritate
1291 4530 1323 4581 et
1345 4520 1438 4583 coha-

487 4613 640 4676 bitatione
658 4615 807 4696 Hugonis
821 4614 974 4693 officialis,
991 4617 1049 4680 toti
1065 4618 1119 4703 qui
1136 4633 1202 4682 tuae
1224 4619 1369 4704 religioni
1391 4636 1437 4684 est

485 4712 517 4775 in
540 4715 739 4777 offensionem
764 4732 795 4778 et
823 4718 1017 4789 scandalum,
1041 4720 1143 4783 modis
1166 4722 1315 4785 omnibus
1341 4722 1438 4786 absti-

486 4835 584 4888 neres,
598 4839 696 4899 quum
714 4840 752 4878 cx
770 4816 920 4880 mandato
933 4818 1062 4880 Domini
1079 4820 1174 4882 ctiam
1191 4843 1246 4903 pes
1263 4821 1312 4883 vel
1327 4822 1439 4886 oculus
