3300 6434
353 1240 524 1319 llas-e]
734 1256 914 1302 retenone.
1262 1244 1299 1303 ll

348 1409 445 1494 hujus
457 1408 560 1474 aetatis
572 1420 720 1495 poterant
731 1407 910 1493 pervenire,
922 1407 1032 1471 ambas
1044 1408 1164 1493 pariter
1175 1409 1301 1474 nomine

348 1509 527 1575 monasterii
551 1508 796 1574 Romiliacensis
819 1508 1043 1594 possederaut;
1068 1522 1136 1574 tum
1159 1509 1237 1595 quia
1259 1510 1301 1576 sd

347 1611 586 1676 advocationem
618 1610 764 1696 ejusdem
800 1609 922 1675 domini
961 1610 1128 1697 aequaliter
1162 1620 1301 1699 utraque

347 1713 505 1797 pertinere
536 1714 716 1788 videbatur,
748 1725 780 1777 et
810 1714 889 1798 quia
923 1712 1053 1778 eandem
1084 1712 1238 1800 capellam
1267 1714 1300 1779 iu

346 1815 496 1900 parocbia
518 1815 558 1880 de
582 1815 661 1881 Reia
687 1815 780 1878 sitam
804 1837 872 1878 esse
899 1815 1092 1880 asserebant.
1136 1818 1301 1881 Postremo

344 1917 420 2002 quia
434 1937 567 2002 corpora
589 1917 813 1981 defunctorum
835 1914 877 1980 ad
900 1915 1053 2001 capellam
1069 1916 1299 2002 pertinentium

344 2042 383 2083 ex
402 2017 477 2102 jure
499 2031 531 2083 et
552 2017 783 2083 consuetudine
806 2019 839 2080 in
862 2017 1034 2104 saepedicta
1056 2017 1188 2083 ecclesis
1214 2041 1301 2104 sepe·

344 2119 513 2186 liebantur.
560 2123 682 2187 Contra
698 2120 765 2183 baec
781 2118 841 2196 illi,
856 2143 895 2183 eo
910 2120 998 2204 quod
1016 2118 1077 2184 sibi
1092 2119 1133 2183 de
1149 2120 1300 2186 mandato

344 2236 381 2287 ut
396 2222 544 2286 dicebant
557 2244 618 2285 non
631 2234 804 2298 constaret,
816 2221 998 2284 cautionem
1013 2220 1053 2284 de
1068 2234 1139 2286 rato
1153 2244 1173 2285 a
1184 2244 1302 2287 memo-

344 2339 414 2389 rato
441 2325 545 2410 priore
570 2323 751 2407 exigebant.
797 2324 891 2387 Prior
914 2345 990 2388 vero
1015 2322 1097 2388 banc
1121 2324 1300 2391 cautionem

345 2426 430 2512 exigi
447 2448 507 2489 non
524 2439 670 2512 oportere
694 2425 865 2500 asserebat,
881 2446 982 2509 quum
1005 2424 1046 2488 de
1063 2424 1213 2489 mandato
1228 2448 1301 2489 oon·

347 2543 455 2604 staret,
484 2542 548 2593 tam
572 2552 613 2592 ex
636 2527 751 2592 litteris
778 2526 905 2592 abbatis
930 2526 1148 2593 Cluniaceusis
1172 2538 1204 2591 et
1228 2550 1301 2592 con-

346 2644 461 2695 ventus
501 2629 756 2708 Rumiliacensis,
787 2651 885 2713 quam
922 2651 963 2692 ex
1000 2628 1144 2715 apicibus
1180 2629 1301 2694 domini

347 2733 541 2797 Morinensis
563 2731 714 2817 episcopi.
760 2731 922 2794 Praeterea
943 2729 1123 2793 dilatoriam
1147 2730 1228 2795 hanc
1247 2753 1301 2795 ex-

345 2834 524 2919 ceptionem
539 2837 573 2897 in
589 2832 681 2897 initio
695 2845 882 2918 oportuerat
893 2854 947 2895 eos
961 2832 1146 2917 opposuisse
1161 2832 1194 2895 iu
1208 2832 1303 2897 audi·

347 2935 427 2999 torio
449 2934 570 2998 domini
595 2933 836 3009 londoniensis,
861 2954 901 2997 ex
926 2932 1104 2999 abundanti
1129 2946 1235 2998 tamen
1261 2957 1301 2999 ne

347 3058 474 3100 causam
490 3035 614 3100 diutius
630 3049 761 3120 possent
776 3056 864 3098 more
889 3057 947 3098 suo
966 3035 1153 3120 protrahere
1173 3034 1300 3121 praefati

348 3136 430 3216 laici,
452 3137 546 3201 nobis
572 3135 701 3200 idoneos
728 3136 930 3221 fidejussores
959 3135 1059 3200 dedit.
1118 3137 1301 3205 Adversarii

346 3262 421 3303 vero
436 3240 477 3303 de
491 3239 600 3324 legum
611 3236 790 3303 subtilitate
805 3239 944 3303 nitentes
959 3236 1052 3302 aliam
1064 3238 1300 3307 satisdationem

345 3340 404 3406 sibi
420 3340 488 3404 fieri
504 3340 690 3425 exigebant,
706 3363 744 3403 eo
766 3339 854 3425 quod
878 3340 904 3403 si
923 3361 983 3425 pro
1005 3363 1038 3404 se
1053 3340 1119 3405 lata
1133 3341 1215 3405 foret
1230 3362 1299 3405 sen·

345 3443 455 3519 tentia,
472 3456 544 3527 post
562 3455 705 3526 tempora
726 3454 833 3506 nostra
855 3441 1033 3527 captiosum
1054 3441 1135 3505 illud
1150 3442 1299 3506 futurum

344 3556 437 3619 esset,
468 3544 494 3607 si
524 3543 630 3607 denuo
660 3543 805 3607 monachi
844 3542 931 3605 litem
969 3564 1093 3605 movere
1129 3554 1300 3624 tentarent,

345 3644 482 3708 maxime
501 3666 602 3730 quum
626 3643 721 3706 iidem
739 3643 811 3706 laici
828 3642 945 3727 saepius
966 3666 984 3706 a
1005 3642 1138 3709 diversis
1157 3644 1300 3730 personis

345 3767 377 3807 se
405 3745 520 3809 litibus
549 3759 580 3807 et
614 3742 796 3829 sumptibus
833 3766 930 3830 super
966 3745 1025 3808 hac
1059 3745 1169 3810 eadem
1204 3768 1302 3814 causa

345 3858 476 3909 vexatos
492 3868 558 3909 esse
570 3860 794 3931 quererentur.
842 3845 933 3909 Prior
944 3869 1019 3911 vero
1031 3847 1172 3912 sufficere
1183 3848 1299 3918 debere

292 3976 293 3979 ¹
345 3945 556 4011 contendebat
580 3946 669 4032 quod
687 3948 792 4033 judici
819 3947 898 4012 fides
925 3949 1010 4014 facta
1032 3952 1121 4014 soret.
1168 3949 1300 4026 Quibus

345 4046 375 4108 iu
395 4046 479 4112 huuc
495 4048 626 4113 modum
637 4048 906 4115 contendentibus
918 4073 974 4114 nos
984 4050 1166 4117 interlocuti
1178 4074 1300 4136 sumus,
1324 4125 1326 4128 ,

345 4145 422 4213 nibil
441 4149 503 4212 tale
518 4151 558 4213 ab
574 4149 705 4213 ecclesia
722 4154 867 4215 Romana
882 4151 923 4215 ad
939 4174 996 4215 uos
1009 4174 1111 4237 usque
1126 4176 1298 4234 emanasse,

345 4271 402 4312 nec
434 4250 611 4314 meminisse
641 4274 698 4315 nos
729 4252 854 4337 aliquid
885 4253 1071 4337 hujusmodi
1101 4254 1133 4318 in
1163 4255 1299 4323 decretis

345 4370 539 4433 expressum,
556 4363 587 4414 et
604 4365 715 4416 contra
729 4353 991 4417 consuetudinem
1014 4355 1103 4439 regni
1120 4355 1298 4440 Anglorum

344 4471 413 4511 esse
437 4453 527 4534 quod
552 4452 761 4532 postularent.
807 4455 905 4517 Unde
930 4456 1057 4540 praelati
1086 4454 1144 4519 viri
1168 4471 1298 4545 accepta

344 4550 507 4612 occasione
523 4550 718 4617 audientiam
736 4567 872 4617 vestram
887 4555 1102 4641 appellarunt,
1118 4558 1200 4624 diem
1217 4582 1299 4647 prta-

345 4650 489 4716 finientes
513 4654 649 4719 Octavas
675 4655 888 4721 Pentecostes.
934 4658 1042 4734 Quum
1070 4682 1146 4745 ergo
1170 4684 1297 4729 causam
1351 4685 1356 4697 ·

346 4753 501 4838 integram
527 4769 562 4819 ut
580 4761 725 4839 oportuit
748 4760 905 4844 majestati
930 4773 1044 4824 vestrae
1067 4784 1298 4831 reservaremus

345 4854 568 4933 ‹leliniendam,
593 4860 678 4943 prior
699 4884 730 4923 sc
751 4861 924 4926 admodum
948 4878 1113 4947 gravatum
1137 4890 1204 4931 esse
1225 4891 1298 4932 eon·
