3300 6434
345 1148 454 1228 tica]
726 1165 906 1210 anismam.
1233 1148 1293 1207 311

340 1319 397 1403 qui
412 1320 443 1383 ei
457 1318 673 1395 consentiunt,
688 1315 874 1381 exeundum
890 1326 940 1379 est
953 1316 1002 1379 eis
1016 1316 1057 1379 de
1072 1316 1150 1378 orbe
1165 1314 1292 1390 Latino,

342 1441 383 1483 ne
399 1420 525 1504 quoties
541 1419 611 1482 haec
629 1417 882 1501 praedicaverint,

482 1526 580 1588 Quaere
590 1526 756 1597 peregrinum
768 1524 863 1576 vicinia
873 1540 951 1576 rauca
962 1521 1096 1589 reclamet,

343 1634 378 1687 et
410 1632 598 1686 natantum
621 1621 773 1685 adversus
804 1620 976 1683 ecclesiam
999 1641 1057 1703 pro
1089 1616 1294 1682 consuetudi·

222 1777 226 1787 .
342 1725 449 1798 nibus,
465 1723 530 1786 imo
545 1722 766 1808 pravitatibus,
782 1723 874 1786 avitis
892 1722 1110 1786 testimonium
1137 1720 1226 1784 daret
1244 1741 1294 1784 aa·

343 1826 437 1910 piens
456 1825 512 1888 ille
536 1826 664 1888 tabellio
680 1835 712 1888 et
725 1824 894 1898 facundus,
912 1826 1007 1887 etiam
1022 1823 1172 1887 adversus
1189 1842 1292 1904 popu·

341 1929 407 1991 lum
419 1927 617 2006 testificator,
626 1927 758 1991 inseruit
768 1928 886 2010 scripto
896 1939 1014 1990 vestro:
1035 1927 1140 1990 Rexa
1153 1925 1295 1989 Domino

342 2031 535 2093 constitutus
558 2031 631 2113 paci
653 2051 710 2113 per
732 2031 841 2093 omnia
855 2030 1002 2114 providet
1016 2030 1242 2113 subjectorum,
1263 2037 1295 2089 et

343 2140 380 2195 ut
419 2131 502 2193 hanc
544 2142 722 2208 conservet,
759 2132 905 2195 ecclesiis
949 2141 983 2194 et
1019 2129 1199 2195 commissis
1234 2128 1297 2192 sibi

344 2229 483 2312 populis,
497 2227 673 2311 dignitates
696 2230 825 2312 regibus
847 2242 922 2293 ante
942 2251 977 2293 11
1000 2229 1128 2293 debitas
1150 2240 1183 2292 11
1205 2228 1297 2292 exhi·

345 2331 428 2394 bitas
443 2331 505 2393 sibi
520 2332 588 2393 vult
602 2341 636 2394 et
654 2328 755 2412 exigit
769 2333 926 2395 exhiberi.
971 2331 1058 2405 Quid
1079 2331 1148 2394 haec
1164 2329 1296 2394 audiens

344 2430 496 2494 Ecclesia
510 2428 699 2494 Gallicana?
714 2432 775 2508 lta,
785 2431 901 2514 inquit,
917 2431 1078 2494 Dominus
1093 2442 1127 2494 et
1141 2428 1298 2510 evangelii

347 2533 443 2594 verba
457 2531 609 2616 adjuvent
622 2553 679 2596 eos
693 2554 713 2596 a
729 2533 848 2616 quibus
856 2544 888 2597 et
902 2555 960 2616 pro
972 2534 1088 2616 quibus
1099 2533 1169 2595 haec
1181 2531 1300 2615 scripta

347 2646 430 2695 sunt.
446 2633 596 2696 Providet
609 2634 739 2697 sortasse
762 2655 877 2717 pacem
900 2636 1058 2714 omnibns,
1080 2633 1136 2697 sed
1160 2634 1299 2716 alonge,

344 2735 422 2817 quia
442 2735 681 2817 praesentialiter
702 2736 811 2800 omnia
832 2739 947 2801 turbat.
994 2738 1119 2800 Dicunt
1141 2734 1298 2818 episcopi,

344 2847 401 2899 aut
429 2835 571 2913 forsitan,
594 2838 754 2900 atterius
784 2837 919 2916 dicatur,
941 2839 1123 2922 episcopus,
1145 2837 1296 2921 quoniam

345 2955 411 3019 pax
434 2947 493 3012 est,
513 2947 546 2999 ct
567 2956 681 2998 omnes
702 2959 720 3000 e
742 2948 855 3001 contra
877 2940 1026 3011 clamant,
1042 2937 1120 3020 quia
1140 2958 1207 3020 pax
1231 2958 1297 3000 non

348 3034 474 3112 est,sed
490 3034 668 3098 amaritudo
683 3036 825 3098 omnium
842 3037 1047 3101 amarissima.

390 3138 426 3202 Si
441 3159 515 3201 vero
531 3137 660 3200 nonnisi
679 3137 802 3202 debitas
824 3141 928 3222 exigit
942 3140 1199 3216 consuetudines,
1215 3140 1299 3205 sicut

345 3251 447 3304 vester
475 3239 710 3303 Demosthenes
739 3243 862 3319 asserit,
885 3243 949 3306 illis
975 3243 1120 3327 profecto
1144 3243 1297 3308 debuerat

346 3364 416 3407 esse
432 3352 611 3430 contentae,
627 3361 698 3424 quae
713 3362 778 3403 non
794 3355 869 3405 sunt
884 3341 999 3406 divinis
1010 3343 1135 3424 legibus
1148 3342 1299 3421 inimicae,

349 3463 423 3528 quae
438 3437 532 3504 bonis
541 3440 684 3502 moribus
697 3460 763 3502 non
773 3440 989 3518 adversantur,
999 3461 1072 3523 quae
1084 3441 1299 3505 sacerdotium

347 3564 412 3607 non
434 3542 657 3617 dehonestant,
679 3561 751 3623 quae
775 3541 953 3623 periculum
977 3563 1042 3605 non
1063 3542 1209 3624 ingerunt
1229 3543 1299 3607 ani·

349 3663 482 3721 marum,
496 3662 569 3723 quae
585 3642 693 3705 matris
706 3641 878 3722 Ecclesiae,
890 3642 930 3706 de
946 3644 1038 3729 cujus
1050 3665 1146 3708 manu
1156 3644 1299 3730 suscepit

346 3743 499 3828 gladium,
514 3741 557 3805 ad
570 3742 673 3826 ipsam
689 3742 853 3814 tuendam,
865 3756 897 3809 11
910 3743 1041 3828 injurias
1053 3747 1297 3830 propulsandas,

350 3866 417 3908 non
441 3845 600 3909 subruunt
621 3844 810 3924 libertatem,
834 3845 889 3909 sed
912 3847 945 3909 in
968 3848 1048 3912 votis
1068 3849 1170 3932 ipsius
1192 3850 1300 3913 omnia

350 3946 508 4011 contraria
523 3957 607 4022 sunt,
616 3945 699 4009 sicut
708 3946 871 4030 Scriptura
885 3947 964 4032 ejus,
976 3960 1158 4013 sanctorum
1172 3961 1298 4033 patrum

349 4051 548 4126 auctoritate,
563 4058 596 4110 et
614 4050 730 4112 summi
745 4050 909 4133 pontificis
923 4071 978 4113 ore
993 4051 1145 4115 (1111111111
1157 4062 1301 4131 testatur,

351 4160 385 4213 et
405 4148 599 4232 quotidiana
616 4150 755 4232 querelae
775 4150 854 4213 cleri
872 4160 904 4212 11
925 4150 1056 4234 populi:
1084 4163 1116 4215 et
1135 4153 1234 4215 timeo
1257 4172 1298 4216 11

349 4246 519 4330 pontifices
532 4246 597 4330 ipsi
612 4259 723 4310 contra
736 4249 857 4331 scripta
881 4270 940 4313 sua
962 4251 1066 4314 venire
1087 4263 1251 4333 cogantur,
1266 4263 1298 4316 11

350 4346 564 4430 depraedicare
590 4347 678 4432 quod
700 4350 890 4434 praedicant,
913 4364 945 4415 11
970 4373 1066 4438 quam
1088 4352 1184 4416 modo
1207 4352 1297 4417 dam·

349 4460 438 4523 nant,
462 4448 643 4534 justificare
669 4472 810 4530 causam,
834 4462 866 4516 et
892 4473 989 4537 quam
1011 4454 1195 4537 justificant
1220 4477 1297 4520 con-

349 4549 510 4614 demnare.
575 4551 709 4634 Signata
736 4564 785 4616 est
813 4554 974 4618 attestatio
1009 4577 1119 4618 eorum
1156 4557 1298 4621 omnium

349 4652 481 4737 quidem
503 4663 662 4736 concepta
683 4655 822 4734 nomine,
842 4655 900 4720 sed
922 4656 1014 4720 trium
1037 4657 1194 4724 duntaxat
1215 4659 1296 4744 epis·

348 4776 503 4837 coporum
536 4756 684 4821 roborata
721 4755 844 4840 sigillis,
873 4757 1115 4842 archisynagogi
1149 4761 1299 4827 videlicet
