<?xml version="1.0" encoding="UTF-8"?>
<!DOCTYPE html PUBLIC "-//W3C//DTD XHTML 1.0 Transitional//EN"
    "http://www.w3.org/TR/xhtml1/DTD/xhtml1-transitional.dtd">
<html xmlns="http://www.w3.org/1999/xhtml" xml:lang="en" lang="en">
 <head>
  <title>
</title>
<meta http-equiv="Content-Type" content="text/html;charset=utf-8" />
  <meta name='ocr-system' content='tesseract 3.04.00' />
  <meta name='ocr-capabilities' content='ocr_page ocr_carea ocr_par ocr_line ocrx_word'/>
</head>
<body>
  <div class='ocr_page' id='page_1' title='image "./joannissaresber14johngoog_0353.png"; bbox 0 0 3300 6434; ppageno 0'>
   <div class='ocr_carea' id='block_1_1' title="bbox 344 1157 1292 1234">
    <p class='ocr_par' dir='ltr' id='par_1_1' title="bbox 344 1157 1292 1234">
     <span class='ocr_line' id='line_1_1' title="bbox 344 1157 1292 1234; baseline -0.005 -14"><span class='ocrx_word' id='word_1_1' title='bbox 344 1161 454 1234; x_wconf 71' lang='grc'><strong>1163]</strong></span> <span class='ocrx_word' id='word_1_2' title='bbox 722 1167 900 1216; x_wconf 74' lang='lat' dir='ltr'><strong>arrsronn.</strong></span> <span class='ocrx_word' id='word_1_3' title='bbox 1230 1157 1292 1217; x_wconf 88' lang='grc'><strong>333</strong></span> 
     </span>
    </p>
   </div>
   <div class='ocr_carea' id='block_1_2' title="bbox 342 1320 1323 4860">
    <p class='ocr_par' dir='ltr' id='par_1_2' title="bbox 342 1320 1323 4860">
     <span class='ocr_line' id='line_1_2' title="bbox 342 1320 1293 1406; baseline -0.003 -16"><span class='ocrx_word' id='word_1_4' title='bbox 342 1338 483 1390; x_wconf 87' lang='lat' dir='ltr'><strong>testarer.</strong></span> <span class='ocrx_word' id='word_1_5' title='bbox 509 1322 628 1389; x_wconf 91' lang='lat' dir='ltr'><strong>Nullus</strong></span> <span class='ocrx_word' id='word_1_6' title='bbox 639 1323 721 1386; x_wconf 84' lang='lat' dir='ltr'><strong>enirn</strong></span> <span class='ocrx_word' id='word_1_7' title='bbox 735 1334 913 1387; x_wconf 89' lang='lat' dir='ltr'><strong>nostratum</strong></span> <span class='ocrx_word' id='word_1_8' title='bbox 929 1331 988 1398; x_wconf 90' lang='lat' dir='ltr'><strong>est,</strong></span> <span class='ocrx_word' id='word_1_9' title='bbox 1000 1320 1063 1402; x_wconf 91' lang='lat' dir='ltr'><strong>cui,</strong></span> <span class='ocrx_word' id='word_1_10' title='bbox 1072 1343 1173 1406; x_wconf 90' lang='lat' dir='ltr'><strong>quum</strong></span> <span class='ocrx_word' id='word_1_11' title='bbox 1184 1343 1293 1387; x_wconf 87' lang='lat' dir='ltr'><strong>omnes</strong></span> 
     </span>
     <span class='ocr_line' id='line_1_3' title="bbox 342 1421 1293 1508; baseline -0.003 -18"><span class='ocrx_word' id='word_1_12' title='bbox 342 1450 448 1492; x_wconf 86' lang='lat' dir='ltr'><strong>rerum</strong></span> <span class='ocrx_word' id='word_1_13' title='bbox 468 1424 720 1489; x_wconf 85' lang='lat' dir='ltr'><strong>circumstantias</strong></span> <span class='ocrx_word' id='word_1_14' title='bbox 741 1423 927 1508; x_wconf 87' lang='lat' dir='ltr'><strong>diligentius</strong></span> <span class='ocrx_word' id='word_1_15' title='bbox 948 1421 1071 1502; x_wconf 88' lang='lat' dir='ltr'><strong>metiar,</strong></span> <span class='ocrx_word' id='word_1_16' title='bbox 1085 1445 1136 1486; x_wconf 89' lang='lat' dir='ltr'><strong>me</strong></span> <span class='ocrx_word' id='word_1_17' title='bbox 1158 1424 1293 1488; x_wconf 86' lang='lat' dir='ltr'><strong>recolam</strong></span> 
     </span>
     <span class='ocr_line' id='line_1_4' title="bbox 342 1524 1295 1614; baseline -0.004 -22"><span class='ocrx_word' id='word_1_18' title='bbox 342 1526 479 1614; x_wconf 91' lang='lat' dir='ltr'><strong>amplius</strong></span> <span class='ocrx_word' id='word_1_19' title='bbox 505 1526 691 1591; x_wconf 83' lang='lat' dir='ltr'><strong>debitorem.</strong></span> <span class='ocrx_word' id='word_1_20' title='bbox 742 1525 839 1589; x_wconf 88' lang='lat' dir='ltr'><strong>Unde</strong></span> <span class='ocrx_word' id='word_1_21' title='bbox 865 1524 1023 1589; x_wconf 89' lang='lat' dir='ltr'><strong>silentium</strong></span> <span class='ocrx_word' id='word_1_22' title='bbox 1050 1546 1156 1588; x_wconf 88' lang='lat' dir='ltr'><strong>meum</strong></span> <span class='ocrx_word' id='word_1_23' title='bbox 1181 1525 1295 1591; x_wconf 88' lang='lat' dir='ltr'><strong>merito</strong></span> 
     </span>
     <span class='ocr_line' id='line_1_5' title="bbox 343 1626 1295 1715; baseline -0.003 -21"><span class='ocrx_word' id='word_1_24' title='bbox 343 1631 449 1694; x_wconf 83' lang='lat' dir='ltr'><strong>suerat</strong></span> <span class='ocrx_word' id='word_1_25' title='bbox 483 1627 695 1715; x_wconf 88' lang='lat' dir='ltr'><strong>arguendum,</strong></span> <span class='ocrx_word' id='word_1_26' title='bbox 725 1626 786 1691; x_wconf 88' lang='lat' dir='ltr'><strong>nisi</strong></span> <span class='ocrx_word' id='word_1_27' title='bbox 815 1626 989 1690; x_wconf 90' lang='lat' dir='ltr'><strong>multarum</strong></span> <span class='ocrx_word' id='word_1_28' title='bbox 1020 1639 1051 1689; x_wconf 90' lang='lat' dir='ltr'><strong>et</strong></span> <span class='ocrx_word' id='word_1_29' title='bbox 1080 1627 1295 1712; x_wconf 89' lang='lat' dir='ltr'><strong>probabilium</strong></span> 
     </span>
     <span class='ocr_line' id='line_1_6' title="bbox 346 1728 1297 1816; baseline -0.004 -19"><span class='ocrx_word' id='word_1_30' title='bbox 346 1734 505 1797; x_wconf 90' lang='lat' dir='ltr'><strong>rationum</strong></span> <span class='ocrx_word' id='word_1_31' title='bbox 544 1730 695 1816; x_wconf 85' lang='lat' dir='ltr'><strong>suffragio</strong></span> <span class='ocrx_word' id='word_1_32' title='bbox 724 1744 935 1816; x_wconf 82' lang='lat' dir='ltr'><strong>purgaretur:</strong></span> <span class='ocrx_word' id='word_1_33' title='bbox 975 1751 1054 1814; x_wconf 87' lang='lat' dir='ltr'><strong>quas</strong></span> <span class='ocrx_word' id='word_1_34' title='bbox 1084 1728 1197 1813; x_wconf 88' lang='lat' dir='ltr'><strong>utique</strong></span> <span class='ocrx_word' id='word_1_35' title='bbox 1222 1730 1297 1815; x_wconf 90' lang='lat' dir='ltr'><strong>jure</strong></span> 
     </span>
     <span class='ocr_line' id='line_1_7' title="bbox 345 1832 1297 1922; baseline -0.002 -24"><span class='ocrx_word' id='word_1_36' title='bbox 345 1835 575 1922; x_wconf 72' lang='lat' dir='ltr'><strong>praetenderem</strong></span> <span class='ocrx_word' id='word_1_37' title='bbox 591 1833 763 1909; x_wconf 85' lang='lat' dir='ltr'><strong>accusanti,</strong></span> <span class='ocrx_word' id='word_1_38' title='bbox 780 1833 806 1895; x_wconf 91' lang='lat' dir='ltr'><strong>si</strong></span> <span class='ocrx_word' id='word_1_39' title='bbox 827 1832 976 1896; x_wconf 91' lang='lat' dir='ltr'><strong>nimirum</strong></span> <span class='ocrx_word' id='word_1_40' title='bbox 993 1852 1055 1894; x_wconf 90' lang='lat' dir='ltr'><strong>non</strong></span> <span class='ocrx_word' id='word_1_41' title='bbox 1071 1845 1229 1897; x_wconf 86' lang='lat' dir='ltr'><strong>constaret</strong></span> <span class='ocrx_word' id='word_1_42' title='bbox 1248 1833 1297 1896; x_wconf 92' lang='lat' dir='ltr'><strong>in-</strong></span> 
     </span>
     <span class='ocr_line' id='line_1_8' title="bbox 346 1933 1299 2019; baseline -0.001 -19"><span class='ocrx_word' id='word_1_43' title='bbox 346 1949 395 2000; x_wconf 90' lang='lat' dir='ltr'><strong>ter</strong></span> <span class='ocrx_word' id='word_1_44' title='bbox 411 1959 466 2000; x_wconf 87' lang='lat' dir='ltr'><strong>vos</strong></span> <span class='ocrx_word' id='word_1_45' title='bbox 485 1948 518 2000; x_wconf 87' lang='lat' dir='ltr'><strong>ct</strong></span> <span class='ocrx_word' id='word_1_46' title='bbox 540 1958 597 1998; x_wconf 93' lang='lat' dir='ltr'><strong>nos</strong></span> <span class='ocrx_word' id='word_1_47' title='bbox 619 1937 714 1999; x_wconf 88' lang='lat' dir='ltr'><strong>chaos</strong></span> <span class='ocrx_word' id='word_1_48' title='bbox 736 1956 887 2019; x_wconf 86' lang='lat' dir='ltr'><strong>magnum</strong></span> <span class='ocrx_word' id='word_1_49' title='bbox 908 1956 974 1997; x_wconf 90' lang='lat' dir='ltr'><strong>esse</strong></span> <span class='ocrx_word' id='word_1_50' title='bbox 996 1933 1175 1998; x_wconf 85' lang='lat' dir='ltr'><strong>firmatum:</strong></span> <span class='ocrx_word' id='word_1_51' title='bbox 1199 1937 1244 1999; x_wconf 86' lang='lat' dir='ltr'><strong>ita</strong></span> <span class='ocrx_word' id='word_1_52' title='bbox 1263 1946 1299 1999; x_wconf 92' lang='lat' dir='ltr'><strong>ut</strong></span> 
     </span>
     <span class='ocr_line' id='line_1_9' title="bbox 349 2033 1300 2123; baseline -0.002 -22"><span class='ocrx_word' id='word_1_53' title='bbox 349 2037 440 2101; x_wconf 90' lang='lat' dir='ltr'><strong>nobis</strong></span> <span class='ocrx_word' id='word_1_54' title='bbox 458 2037 663 2123; x_wconf 89' lang='lat' dir='ltr'><strong>impossibile,</strong></span> <span class='ocrx_word' id='word_1_55' title='bbox 679 2036 768 2100; x_wconf 81' lang='lat' dir='ltr'><strong>robis</strong></span> <span class='ocrx_word' id='word_1_56' title='bbox 787 2048 894 2099; x_wconf 87' lang='lat' dir='ltr'><strong>autem</strong></span> <span class='ocrx_word' id='word_1_57' title='bbox 916 2033 1041 2099; x_wconf 87' lang='lat' dir='ltr'><strong>difficile</strong></span> <span class='ocrx_word' id='word_1_58' title='bbox 1061 2035 1101 2098; x_wconf 94' lang='lat' dir='ltr'><strong>sit</strong></span> <span class='ocrx_word' id='word_1_59' title='bbox 1123 2035 1163 2099; x_wconf 94' lang='lat' dir='ltr'><strong>ad</strong></span> <span class='ocrx_word' id='word_1_60' title='bbox 1184 2035 1300 2100; x_wconf 86' lang='lat' dir='ltr'><strong>amicos</strong></span> 
     </span>
     <span class='ocr_line' id='line_1_10' title="bbox 351 2136 1300 2214; baseline -0.003 -11"><span class='ocrx_word' id='word_1_61' title='bbox 351 2140 485 2203; x_wconf 87' lang='lat' dir='ltr'><strong>transire</strong></span> <span class='ocrx_word' id='word_1_62' title='bbox 501 2138 549 2202; x_wconf 90' lang='lat' dir='ltr'><strong>vel</strong></span> <span class='ocrx_word' id='word_1_63' title='bbox 570 2138 705 2203; x_wconf 86' lang='lat' dir='ltr'><strong>mittere.</strong></span> <span class='ocrx_word' id='word_1_64' title='bbox 753 2138 906 2201; x_wconf 91' lang='lat' dir='ltr'><strong>Inimicus</strong></span> <span class='ocrx_word' id='word_1_65' title='bbox 926 2137 1021 2202; x_wconf 93' lang='lat' dir='ltr'><strong>homo</strong></span> <span class='ocrx_word' id='word_1_66' title='bbox 1043 2136 1103 2201; x_wconf 92' lang='lat' dir='ltr'><strong>hoc</strong></span> <span class='ocrx_word' id='word_1_67' title='bbox 1118 2137 1204 2214; x_wconf 87' lang='lat' dir='ltr'><strong>fecit,</strong></span> <span class='ocrx_word' id='word_1_68' title='bbox 1219 2150 1252 2202; x_wconf 89' lang='lat' dir='ltr'><strong>et</strong></span> <span class='ocrx_word' id='word_1_69' title='bbox 1267 2137 1300 2200; x_wconf 90' lang='lat' dir='ltr'><strong>in</strong></span> 
     </span>
     <span class='ocr_line' id='line_1_11' title="bbox 352 2240 1300 2326; baseline -0.001 -23"><span class='ocrx_word' id='word_1_70' title='bbox 352 2242 488 2306; x_wconf 77' lang='lat' dir='ltr'><strong>Idumen</strong></span> <span class='ocrx_word' id='word_1_71' title='bbox 512 2240 704 2304; x_wconf 84' lang='lat' dir='ltr'><strong>zizaniorum</strong></span> <span class='ocrx_word' id='word_1_72' title='bbox 731 2252 901 2303; x_wconf 82' lang='lat' dir='ltr'><strong>sementem</strong></span> <span class='ocrx_word' id='word_1_73' title='bbox 925 2262 987 2304; x_wconf 92' lang='lat' dir='ltr'><strong>non</strong></span> <span class='ocrx_word' id='word_1_74' title='bbox 1012 2250 1112 2303; x_wconf 91' lang='lat' dir='ltr'><strong>cessat</strong></span> <span class='ocrx_word' id='word_1_75' title='bbox 1134 2261 1300 2326; x_wconf 83' lang='lat' dir='ltr'><strong>spargere:</strong></span> 
     </span>
     <span class='ocr_line' id='line_1_12' title="bbox 351 2340 1304 2430; baseline -0.001 -23"><span class='ocrx_word' id='word_1_76' title='bbox 351 2356 383 2409; x_wconf 90' lang='lat' dir='ltr'><strong>et</strong></span> <span class='ocrx_word' id='word_1_77' title='bbox 401 2343 475 2430; x_wconf 88' lang='lat' dir='ltr'><strong>jugi</strong></span> <span class='ocrx_word' id='word_1_78' title='bbox 499 2342 621 2407; x_wconf 88' lang='lat' dir='ltr'><strong>laborat</strong></span> <span class='ocrx_word' id='word_1_79' title='bbox 642 2341 803 2421; x_wconf 88' lang='lat' dir='ltr'><strong>instantia,</strong></span> <span class='ocrx_word' id='word_1_80' title='bbox 827 2353 864 2405; x_wconf 92' lang='lat' dir='ltr'><strong>ut</strong></span> <span class='ocrx_word' id='word_1_81' title='bbox 886 2342 1014 2425; x_wconf 88' lang='lat' dir='ltr'><strong>angelos</strong></span> <span class='ocrx_word' id='word_1_82' title='bbox 1036 2340 1187 2428; x_wconf 85' lang='lat' dir='ltr'><strong>praesides</strong></span> <span class='ocrx_word' id='word_1_83' title='bbox 1207 2341 1304 2406; x_wconf 89' lang='lat' dir='ltr'><strong>eccle·</strong></span> 
     </span>
     <span class='ocr_line' id='line_1_13' title="bbox 352 2442 1304 2529; baseline -0.001 -21"><span class='ocrx_word' id='word_1_84' title='bbox 352 2447 469 2510; x_wconf 86' lang='lat' dir='ltr'><strong>siarum</strong></span> <span class='ocrx_word' id='word_1_85' title='bbox 490 2444 604 2509; x_wconf 80' lang='lat' dir='ltr'><strong>evellat</strong></span> <span class='ocrx_word' id='word_1_86' title='bbox 620 2468 639 2507; x_wconf 85' lang='lat' dir='ltr'><strong>a</strong></span> <span class='ocrx_word' id='word_1_87' title='bbox 653 2443 748 2507; x_wconf 91' lang='lat' dir='ltr'><strong>laude</strong></span> <span class='ocrx_word' id='word_1_88' title='bbox 771 2443 845 2506; x_wconf 90' lang='lat' dir='ltr'><strong>Dei.</strong></span> <span class='ocrx_word' id='word_1_89' title='bbox 891 2444 988 2519; x_wconf 80' lang='lat' dir='ltr'><strong>Quasi</strong></span> <span class='ocrx_word' id='word_1_90' title='bbox 1005 2442 1116 2529; x_wconf 85' lang='lat' dir='ltr'><strong>vulpes</strong></span> <span class='ocrx_word' id='word_1_91' title='bbox 1130 2443 1162 2507; x_wconf 91' lang='lat' dir='ltr'><strong>in</strong></span> <span class='ocrx_word' id='word_1_92' title='bbox 1179 2442 1304 2507; x_wconf 90' lang='lat' dir='ltr'><strong>deserto</strong></span> 
     </span>
     <span class='ocr_line' id='line_1_14' title="bbox 352 2544 1304 2632; baseline 0.001 -24"><span class='ocrx_word' id='word_1_93' title='bbox 352 2546 517 2632; x_wconf 85' lang='lat' dir='ltr'><strong>prophetae</strong></span> <span class='ocrx_word' id='word_1_94' title='bbox 532 2548 601 2630; x_wconf 89' lang='lat' dir='ltr'><strong>ejus</strong></span> <span class='ocrx_word' id='word_1_95' title='bbox 621 2545 677 2630; x_wconf 93' lang='lat' dir='ltr'><strong>qui</strong></span> <span class='ocrx_word' id='word_1_96' title='bbox 700 2556 879 2628; x_wconf 90' lang='lat' dir='ltr'><strong>sequuntur</strong></span> <span class='ocrx_word' id='word_1_97' title='bbox 901 2544 1048 2629; x_wconf 87' lang='lat' dir='ltr'><strong>spiritum</strong></span> <span class='ocrx_word' id='word_1_98' title='bbox 1070 2566 1161 2609; x_wconf 90' lang='lat' dir='ltr'><strong>suum</strong></span> <span class='ocrx_word' id='word_1_99' title='bbox 1178 2557 1210 2609; x_wconf 90' lang='lat' dir='ltr'><strong>et</strong></span> <span class='ocrx_word' id='word_1_100' title='bbox 1225 2544 1304 2609; x_wconf 90' lang='lat' dir='ltr'><strong>nihil</strong></span> 
     </span>
     <span class='ocr_line' id='line_1_15' title="bbox 352 2644 1304 2730; baseline 0.002 -22"><span class='ocrx_word' id='word_1_101' title='bbox 352 2646 471 2711; x_wconf 81' lang='lat' dir='ltr'><strong>vident.</strong></span> <span class='ocrx_word' id='word_1_102' title='bbox 519 2646 564 2709; x_wconf 91' lang='lat' dir='ltr'><strong>Hi</strong></span> <span class='ocrx_word' id='word_1_103' title='bbox 590 2659 665 2710; x_wconf 92' lang='lat' dir='ltr'><strong>sunt</strong></span> <span class='ocrx_word' id='word_1_104' title='bbox 689 2646 745 2730; x_wconf 91' lang='lat' dir='ltr'><strong>qui</strong></span> <span class='ocrx_word' id='word_1_105' title='bbox 773 2646 969 2709; x_wconf 89' lang='lat' dir='ltr'><strong>carissimum</strong></span> <span class='ocrx_word' id='word_1_106' title='bbox 997 2644 1173 2710; x_wconf 85' lang='lat' dir='ltr'><strong>Dominum</strong></span> <span class='ocrx_word' id='word_1_107' title='bbox 1198 2668 1304 2724; x_wconf 90' lang='lat' dir='ltr'><strong>suum,</strong></span> 
     </span>
     <span class='ocr_line' id='line_1_16' title="bbox 352 2745 1307 2833; baseline 0.002 -24"><span class='ocrx_word' id='word_1_108' title='bbox 352 2769 503 2832; x_wconf 88' lang='lat' dir='ltr'><strong>magnum</strong></span> <span class='ocrx_word' id='word_1_109' title='bbox 525 2746 711 2833; x_wconf 85' lang='lat' dir='ltr'><strong>principem,</strong></span> <span class='ocrx_word' id='word_1_110' title='bbox 727 2745 912 2810; x_wconf 79' lang='lat' dir='ltr'><strong>subvertere</strong></span> <span class='ocrx_word' id='word_1_111' title='bbox 933 2745 1037 2822; x_wconf 77' lang='lat' dir='ltr'><strong>conati</strong></span> <span class='ocrx_word' id='word_1_112' title='bbox 1060 2758 1146 2828; x_wconf 90' lang='lat' dir='ltr'><strong>sunt,</strong></span> <span class='ocrx_word' id='word_1_113' title='bbox 1161 2769 1307 2811; x_wconf 85' lang='lat' dir='ltr'><strong>mansue·</strong></span> 
     </span>
     <span class='ocr_line' id='line_1_17' title="bbox 354 2844 1306 2931; baseline 0.003 -20"><span class='ocrx_word' id='word_1_114' title='bbox 354 2847 496 2912; x_wconf 87' lang='lat' dir='ltr'><strong>tudinem</strong></span> <span class='ocrx_word' id='word_1_115' title='bbox 518 2848 589 2931; x_wconf 84' lang='lat' dir='ltr'><strong>ejus</strong></span> <span class='ocrx_word' id='word_1_116' title='bbox 611 2844 837 2909; x_wconf 88' lang='lat' dir='ltr'><strong>succendentes</strong></span> <span class='ocrx_word' id='word_1_117' title='bbox 859 2844 933 2909; x_wconf 83' lang='lat' dir='ltr'><strong>selle</strong></span> <span class='ocrx_word' id='word_1_118' title='bbox 957 2846 1098 2920; x_wconf 79' lang='lat' dir='ltr'><strong>malitiae,</strong></span> <span class='ocrx_word' id='word_1_119' title='bbox 1121 2860 1153 2911; x_wconf 88' lang='lat' dir='ltr'><strong>et</strong></span> <span class='ocrx_word' id='word_1_120' title='bbox 1176 2849 1306 2914; x_wconf 86' lang='lat' dir='ltr'><strong>rationis</strong></span> 
     </span>
     <span class='ocr_line' id='line_1_18' title="bbox 354 2945 1307 3033; baseline 0.003 -22"><span class='ocrx_word' id='word_1_121' title='bbox 354 2951 453 3012; x_wconf 90' lang='lat' dir='ltr'><strong>aciem</strong></span> <span class='ocrx_word' id='word_1_122' title='bbox 476 2948 701 3032; x_wconf 83' lang='lat' dir='ltr'><strong>extinguentes</strong></span> <span class='ocrx_word' id='word_1_123' title='bbox 720 2945 858 3010; x_wconf 90' lang='lat' dir='ltr'><strong>consiliis</strong></span> <span class='ocrx_word' id='word_1_124' title='bbox 880 2945 1039 3010; x_wconf 77' lang='lat' dir='ltr'><strong>toxicatis</strong></span> <span class='ocrx_word' id='word_1_125' title='bbox 1087 2946 1213 3033; x_wconf 90' lang='lat' dir='ltr'><strong>Eripiat</strong></span> <span class='ocrx_word' id='word_1_126' title='bbox 1233 2972 1307 3014; x_wconf 89' lang='lat' dir='ltr'><strong>eum</strong></span> 
     </span>
     <span class='ocr_line' id='line_1_19' title="bbox 357 3047 1309 3136; baseline 0.002 -23"><span class='ocrx_word' id='word_1_127' title='bbox 357 3051 447 3113; x_wconf 90' lang='lat' dir='ltr'><strong>Deus</strong></span> <span class='ocrx_word' id='word_1_128' title='bbox 469 3049 509 3113; x_wconf 90' lang='lat' dir='ltr'><strong>de</strong></span> <span class='ocrx_word' id='word_1_129' title='bbox 532 3049 679 3115; x_wconf 87' lang='lat' dir='ltr'><strong>manibus</strong></span> <span class='ocrx_word' id='word_1_130' title='bbox 700 3070 822 3124; x_wconf 85' lang='lat' dir='ltr'><strong>eorum,</strong></span> <span class='ocrx_word' id='word_1_131' title='bbox 838 3062 870 3112; x_wconf 90' lang='lat' dir='ltr'><strong>et</strong></span> <span class='ocrx_word' id='word_1_132' title='bbox 893 3047 1041 3134; x_wconf 89' lang='lat' dir='ltr'><strong>subjiciat</strong></span> <span class='ocrx_word' id='word_1_133' title='bbox 1065 3049 1124 3113; x_wconf 91' lang='lat' dir='ltr'><strong>sibi</strong></span> <span class='ocrx_word' id='word_1_134' title='bbox 1140 3062 1177 3114; x_wconf 90' lang='lat' dir='ltr'><strong>ut</strong></span> <span class='ocrx_word' id='word_1_135' title='bbox 1192 3051 1309 3136; x_wconf 89' lang='lat' dir='ltr'><strong>princi-</strong></span> 
     </span>
     <span class='ocr_line' id='line_1_20' title="bbox 356 3150 1309 3239; baseline 0.004 -24"><span class='ocrx_word' id='word_1_136' title='bbox 356 3165 453 3238; x_wconf 80' lang='lat' dir='ltr'><strong>patus</strong></span> <span class='ocrx_word' id='word_1_137' title='bbox 468 3152 537 3237; x_wconf 89' lang='lat' dir='ltr'><strong>ejus</strong></span> <span class='ocrx_word' id='word_1_138' title='bbox 551 3163 583 3216; x_wconf 89' lang='lat' dir='ltr'><strong>et</strong></span> <span class='ocrx_word' id='word_1_139' title='bbox 599 3155 669 3216; x_wconf 93' lang='lat' dir='ltr'><strong>Dco</strong></span> <span class='ocrx_word' id='word_1_140' title='bbox 684 3150 821 3237; x_wconf 87' lang='lat' dir='ltr'><strong>placitus</strong></span> <span class='ocrx_word' id='word_1_141' title='bbox 834 3153 885 3231; x_wconf 90' lang='lat' dir='ltr'><strong>sit,</strong></span> <span class='ocrx_word' id='word_1_142' title='bbox 896 3163 929 3214; x_wconf 90' lang='lat' dir='ltr'><strong>et</strong></span> <span class='ocrx_word' id='word_1_143' title='bbox 944 3151 1084 3236; x_wconf 84' lang='lat' dir='ltr'><strong>quietus,</strong></span> <span class='ocrx_word' id='word_1_144' title='bbox 1100 3165 1130 3216; x_wconf 90' lang='lat' dir='ltr'><strong>et</strong></span> <span class='ocrx_word' id='word_1_145' title='bbox 1142 3152 1309 3239; x_wconf 90' lang='lat' dir='ltr'><strong>jucundus</strong></span> 
     </span>
     <span class='ocr_line' id='line_1_21' title="bbox 356 3252 1310 3342; baseline 0.003 -25"><span class='ocrx_word' id='word_1_146' title='bbox 356 3253 491 3338; x_wconf 82' lang='lat' dir='ltr'><strong>gerenti,</strong></span> <span class='ocrx_word' id='word_1_147' title='bbox 511 3268 542 3318; x_wconf 90' lang='lat' dir='ltr'><strong>et</strong></span> <span class='ocrx_word' id='word_1_148' title='bbox 564 3252 701 3317; x_wconf 88' lang='lat' dir='ltr'><strong>ecclesiis</strong></span> <span class='ocrx_word' id='word_1_149' title='bbox 721 3277 851 3340; x_wconf 91' lang='lat' dir='ltr'><strong>quarum</strong></span> <span class='ocrx_word' id='word_1_150' title='bbox 874 3266 1029 3339; x_wconf 91' lang='lat' dir='ltr'><strong>patronus</strong></span> <span class='ocrx_word' id='word_1_151' title='bbox 1048 3267 1107 3332; x_wconf 92' lang='lat' dir='ltr'><strong>est,</strong></span> <span class='ocrx_word' id='word_1_152' title='bbox 1128 3267 1159 3319; x_wconf 87' lang='lat' dir='ltr'><strong>et</strong></span> <span class='ocrx_word' id='word_1_153' title='bbox 1182 3256 1310 3342; x_wconf 89' lang='lat' dir='ltr'><strong>populis</strong></span> 
     </span>
     <span class='ocr_line' id='line_1_22' title="bbox 357 3352 1310 3442; baseline 0.003 -24"><span class='ocrx_word' id='word_1_154' title='bbox 357 3356 450 3420; x_wconf 77' lang='lat' dir='ltr'><strong>laetus</strong></span> <span class='ocrx_word' id='word_1_155' title='bbox 468 3379 534 3419; x_wconf 89' lang='lat' dir='ltr'><strong>esse</strong></span> <span class='ocrx_word' id='word_1_156' title='bbox 549 3353 651 3418; x_wconf 85' lang='lat' dir='ltr'><strong>valeat</strong></span> <span class='ocrx_word' id='word_1_157' title='bbox 673 3367 704 3418; x_wconf 90' lang='lat' dir='ltr'><strong>et</strong></span> <span class='ocrx_word' id='word_1_158' title='bbox 725 3354 916 3419; x_wconf 81' lang='lat' dir='ltr'><strong>fructuosus.</strong></span> <span class='ocrx_word' id='word_1_159' title='bbox 963 3352 1035 3418; x_wconf 89' lang='lat' dir='ltr'><strong>Soio</strong></span> <span class='ocrx_word' id='word_1_160' title='bbox 1051 3356 1163 3440; x_wconf 89' lang='lat' dir='ltr'><strong>utique</strong></span> <span class='ocrx_word' id='word_1_161' title='bbox 1180 3356 1266 3442; x_wconf 89' lang='lat' dir='ltr'><strong>quia,</strong></span> <span class='ocrx_word' id='word_1_162' title='bbox 1283 3358 1310 3423; x_wconf 92' lang='lat' dir='ltr'><strong>si</strong></span> 
     </span>
     <span class='ocr_line' id='line_1_23' title="bbox 359 3452 1312 3541; baseline 0.002 -22"><span class='ocrx_word' id='word_1_163' title='bbox 359 3456 489 3520; x_wconf 89' lang='lat' dir='ltr'><strong>redierit</strong></span> <span class='ocrx_word' id='word_1_164' title='bbox 518 3454 558 3519; x_wconf 91' lang='lat' dir='ltr'><strong>ad</strong></span> <span class='ocrx_word' id='word_1_165' title='bbox 584 3477 651 3530; x_wconf 89' lang='lat' dir='ltr'><strong>cor,</strong></span> <span class='ocrx_word' id='word_1_166' title='bbox 678 3452 815 3539; x_wconf 88' lang='lat' dir='ltr'><strong>placabit</strong></span> <span class='ocrx_word' id='word_1_167' title='bbox 843 3452 1015 3518; x_wconf 90' lang='lat' dir='ltr'><strong>Dominum</strong></span> <span class='ocrx_word' id='word_1_168' title='bbox 1042 3476 1133 3518; x_wconf 89' lang='lat' dir='ltr'><strong>suum</strong></span> <span class='ocrx_word' id='word_1_169' title='bbox 1160 3478 1312 3541; x_wconf 90' lang='lat' dir='ltr'><strong>sponsum</strong></span> 
     </span>
     <span class='ocr_line' id='line_1_24' title="bbox 361 3553 1313 3638; baseline 0.003 -17"><span class='ocrx_word' id='word_1_170' title='bbox 361 3557 499 3621; x_wconf 87' lang='lat' dir='ltr'><strong>ecclesiae</strong></span> <span class='ocrx_word' id='word_1_171' title='bbox 522 3553 735 3620; x_wconf 82' lang='lat' dir='ltr'><strong>satisfactione</strong></span> <span class='ocrx_word' id='word_1_172' title='bbox 757 3553 927 3638; x_wconf 90' lang='lat' dir='ltr'><strong>condigna,</strong></span> <span class='ocrx_word' id='word_1_173' title='bbox 942 3566 974 3619; x_wconf 92' lang='lat' dir='ltr'><strong>et</strong></span> <span class='ocrx_word' id='word_1_174' title='bbox 995 3576 1015 3618; x_wconf 89' lang='lat' dir='ltr'><strong>a</strong></span> <span class='ocrx_word' id='word_1_175' title='bbox 1033 3577 1145 3621; x_wconf 91' lang='lat' dir='ltr'><strong>cruore</strong></span> <span class='ocrx_word' id='word_1_176' title='bbox 1166 3557 1313 3624; x_wconf 91' lang='lat' dir='ltr'><strong>innocen-</strong></span> 
     </span>
     <span class='ocr_line' id='line_1_25' title="bbox 362 3654 1315 3745; baseline -0.001 -20"><span class='ocrx_word' id='word_1_177' title='bbox 362 3672 431 3725; x_wconf 90' lang='lat' dir='ltr'><strong>tum</strong></span> <span class='ocrx_word' id='word_1_178' title='bbox 446 3656 609 3744; x_wconf 89' lang='lat' dir='ltr'><strong>potestatis</strong></span> <span class='ocrx_word' id='word_1_179' title='bbox 619 3678 684 3720; x_wconf 88' lang='lat' dir='ltr'><strong>suae</strong></span> <span class='ocrx_word' id='word_1_180' title='bbox 695 3654 838 3740; x_wconf 86' lang='lat' dir='ltr'><strong>gladium</strong></span> <span class='ocrx_word' id='word_1_181' title='bbox 849 3656 1021 3736; x_wconf 80' lang='lat' dir='ltr'><strong>revocabit,</strong></span> <span class='ocrx_word' id='word_1_182' title='bbox 1034 3669 1069 3722; x_wconf 90' lang='lat' dir='ltr'><strong>ut</strong></span> <span class='ocrx_word' id='word_1_183' title='bbox 1082 3657 1110 3721; x_wconf 94' lang='lat' dir='ltr'><strong>ei</strong></span> <span class='ocrx_word' id='word_1_184' title='bbox 1122 3659 1315 3745; x_wconf 90' lang='lat' dir='ltr'><strong>propitietur</strong></span> 
     </span>
     <span class='ocr_line' id='line_1_26' title="bbox 364 3756 1313 3847; baseline 0.003 -22"><span class='ocrx_word' id='word_1_185' title='bbox 364 3765 465 3838; x_wconf 86' lang='lat' dir='ltr'><strong>Deus,</strong></span> <span class='ocrx_word' id='word_1_186' title='bbox 485 3770 517 3823; x_wconf 90' lang='lat' dir='ltr'><strong>et</strong></span> <span class='ocrx_word' id='word_1_187' title='bbox 540 3780 602 3821; x_wconf 91' lang='lat' dir='ltr'><strong>non</strong></span> <span class='ocrx_word' id='word_1_188' title='bbox 623 3756 772 3844; x_wconf 87' lang='lat' dir='ltr'><strong>exquirat</strong></span> <span class='ocrx_word' id='word_1_189' title='bbox 794 3757 979 3843; x_wconf 89' lang='lat' dir='ltr'><strong>sanguinem</strong></span> <span class='ocrx_word' id='word_1_190' title='bbox 1001 3781 1112 3825; x_wconf 89' lang='lat' dir='ltr'><strong>eorum</strong></span> <span class='ocrx_word' id='word_1_191' title='bbox 1132 3761 1173 3826; x_wconf 90' lang='lat' dir='ltr'><strong>ab</strong></span> <span class='ocrx_word' id='word_1_192' title='bbox 1193 3762 1263 3847; x_wconf 91' lang='lat' dir='ltr'><strong>ipso</strong></span> <span class='ocrx_word' id='word_1_193' title='bbox 1282 3778 1313 3828; x_wconf 87' lang='lat' dir='ltr'><strong>et</strong></span> 
     </span>
     <span class='ocr_line' id='line_1_27' title="bbox 363 3857 1318 3947; baseline 0.002 -22"><span class='ocrx_word' id='word_1_194' title='bbox 363 3861 459 3926; x_wconf 89' lang='lat' dir='ltr'><strong>domo</strong></span> <span class='ocrx_word' id='word_1_195' title='bbox 475 3862 553 3947; x_wconf 87' lang='lat' dir='ltr'><strong>ejus.</strong></span> <span class='ocrx_word' id='word_1_196' title='bbox 601 3859 634 3922; x_wconf 92' lang='lat' dir='ltr'><strong>Si</strong></span> <span class='ocrx_word' id='word_1_197' title='bbox 650 3857 758 3924; x_wconf 89' lang='lat' dir='ltr'><strong>exules</strong></span> <span class='ocrx_word' id='word_1_198' title='bbox 779 3870 812 3923; x_wconf 91' lang='lat' dir='ltr'><strong>et</strong></span> <span class='ocrx_word' id='word_1_199' title='bbox 835 3859 1029 3945; x_wconf 89' lang='lat' dir='ltr'><strong>proscriptos</strong></span> <span class='ocrx_word' id='word_1_200' title='bbox 1053 3860 1115 3925; x_wconf 90' lang='lat' dir='ltr'><strong>Dei</strong></span> <span class='ocrx_word' id='word_1_201' title='bbox 1130 3864 1318 3944; x_wconf 88' lang='lat' dir='ltr'><strong>contemnit,</strong></span> 
     </span>
     <span class='ocr_line' id='line_1_28' title="bbox 365 3959 1317 4050; baseline 0.001 -23"><span class='ocrx_word' id='word_1_202' title='bbox 365 3964 442 4050; x_wconf 91' lang='lat' dir='ltr'><strong>quia</strong></span> <span class='ocrx_word' id='word_1_203' title='bbox 457 3983 613 4048; x_wconf 88' lang='lat' dir='ltr'><strong>pauperes</strong></span> <span class='ocrx_word' id='word_1_204' title='bbox 634 3975 721 4039; x_wconf 89' lang='lat' dir='ltr'><strong>sunt,</strong></span> <span class='ocrx_word' id='word_1_205' title='bbox 738 3959 913 4025; x_wconf 87' lang='lat' dir='ltr'><strong>meminerit</strong></span> <span class='ocrx_word' id='word_1_206' title='bbox 934 3964 1011 4046; x_wconf 88' lang='lat' dir='ltr'><strong>quia</strong></span> <span class='ocrx_word' id='word_1_207' title='bbox 1032 3960 1142 4026; x_wconf 89' lang='lat' dir='ltr'><strong>talium</strong></span> <span class='ocrx_word' id='word_1_208' title='bbox 1160 3974 1317 4046; x_wconf 91' lang='lat' dir='ltr'><strong>patronus</strong></span> 
     </span>
     <span class='ocr_line' id='line_1_29' title="bbox 364 4059 1317 4146; baseline -0.001 -19"><span class='ocrx_word' id='word_1_209' title='bbox 364 4077 412 4128; x_wconf 91' lang='lat' dir='ltr'><strong>est</strong></span> <span class='ocrx_word' id='word_1_210' title='bbox 438 4063 597 4129; x_wconf 90' lang='lat' dir='ltr'><strong>Christus.</strong></span> <span class='ocrx_word' id='word_1_211' title='bbox 643 4060 699 4125; x_wconf 79' lang='lat' dir='ltr'><strong>Ad</strong></span> <span class='ocrx_word' id='word_1_212' title='bbox 730 4059 947 4124; x_wconf 89' lang='lat' dir='ltr'><strong>ulciscendum</strong></span> <span class='ocrx_word' id='word_1_213' title='bbox 976 4059 1125 4146; x_wconf 83' lang='lat' dir='ltr'><strong>pauperis</strong></span> <span class='ocrx_word' id='word_1_214' title='bbox 1156 4061 1317 4129; x_wconf 85' lang='lat' dir='ltr'><strong>Nabutbae</strong></span> 
     </span>
     <span class='ocr_line' id='line_1_30' title="bbox 366 4160 1318 4250; baseline 0.001 -21"><span class='ocrx_word' id='word_1_215' title='bbox 366 4165 550 4250; x_wconf 88' lang='lat' dir='ltr'><strong>sanguinem</strong></span> <span class='ocrx_word' id='word_1_216' title='bbox 573 4162 691 4228; x_wconf 86' lang='lat' dir='ltr'><strong>delevit</strong></span> <span class='ocrx_word' id='word_1_217' title='bbox 717 4165 808 4227; x_wconf 87' lang='lat' dir='ltr'><strong>Deus</strong></span> <span class='ocrx_word' id='word_1_218' title='bbox 831 4160 961 4224; x_wconf 91' lang='lat' dir='ltr'><strong>domum</strong></span> <span class='ocrx_word' id='word_1_219' title='bbox 985 4161 1095 4227; x_wconf 86' lang='lat' dir='ltr'><strong>Achab</strong></span> <span class='ocrx_word' id='word_1_220' title='bbox 1117 4175 1149 4227; x_wconf 90' lang='lat' dir='ltr'><strong>et</strong></span> <span class='ocrx_word' id='word_1_221' title='bbox 1175 4164 1318 4231; x_wconf 87' lang='lat' dir='ltr'><strong>Jezabel.</strong></span> 
     </span>
     <span class='ocr_line' id='line_1_31' title="bbox 368 4264 1320 4351; baseline 0.001 -21"><span class='ocrx_word' id='word_1_222' title='bbox 368 4266 455 4348; x_wconf 89' lang='lat' dir='ltr'><strong>Saul,</strong></span> <span class='ocrx_word' id='word_1_223' title='bbox 470 4265 557 4351; x_wconf 89' lang='lat' dir='ltr'><strong>quia,</strong></span> <span class='ocrx_word' id='word_1_224' title='bbox 576 4266 759 4330; x_wconf 86' lang='lat' dir='ltr'><strong>consulente</strong></span> <span class='ocrx_word' id='word_1_225' title='bbox 780 4274 812 4327; x_wconf 89' lang='lat' dir='ltr'><strong>et</strong></span> <span class='ocrx_word' id='word_1_226' title='bbox 835 4275 1026 4348; x_wconf 84' lang='lat' dir='ltr'><strong>procurante</strong></span> <span class='ocrx_word' id='word_1_227' title='bbox 1050 4264 1158 4329; x_wconf 90' lang='lat' dir='ltr'><strong>Doech</strong></span> <span class='ocrx_word' id='word_1_228' title='bbox 1184 4266 1320 4331; x_wconf 89' lang='lat' dir='ltr'><strong>Idumen</strong></span> 
     </span>
     <span class='ocr_line' id='line_1_32' title="bbox 367 4363 1320 4450; baseline 0 -18"><span class='ocrx_word' id='word_1_229' title='bbox 367 4367 500 4432; x_wconf 90' lang='lat' dir='ltr'><strong>custode</strong></span> <span class='ocrx_word' id='word_1_230' title='bbox 529 4365 701 4442; x_wconf 89' lang='lat' dir='ltr'><strong>mulorum,</strong></span> <span class='ocrx_word' id='word_1_231' title='bbox 730 4363 839 4449; x_wconf 89' lang='lat' dir='ltr'><strong>gladio</strong></span> <span class='ocrx_word' id='word_1_232' title='bbox 868 4363 969 4449; x_wconf 84' lang='lat' dir='ltr'><strong>regni,</strong></span> <span class='ocrx_word' id='word_1_233' title='bbox 996 4365 1052 4450; x_wconf 91' lang='lat' dir='ltr'><strong>qui</strong></span> <span class='ocrx_word' id='word_1_234' title='bbox 1082 4365 1123 4429; x_wconf 89' lang='lat' dir='ltr'><strong>ad</strong></span> <span class='ocrx_word' id='word_1_235' title='bbox 1154 4367 1320 4434; x_wconf 90' lang='lat' dir='ltr'><strong>sacerdotii</strong></span> 
     </span>
     <span class='ocr_line' id='line_1_33' title="bbox 369 4465 1322 4554; baseline 0.001 -19"><span class='ocrx_word' id='word_1_236' title='bbox 369 4469 535 4535; x_wconf 88' lang='lat' dir='ltr'><strong>tuitionem</strong></span> <span class='ocrx_word' id='word_1_237' title='bbox 559 4469 626 4553; x_wconf 80' lang='lat' dir='ltr'><strong>regi</strong></span> <span class='ocrx_word' id='word_1_238' title='bbox 648 4467 833 4531; x_wconf 89' lang='lat' dir='ltr'><strong>commissus</strong></span> <span class='ocrx_word' id='word_1_239' title='bbox 854 4478 913 4543; x_wconf 90' lang='lat' dir='ltr'><strong>est,</strong></span> <span class='ocrx_word' id='word_1_240' title='bbox 930 4465 1106 4532; x_wconf 88' lang='lat' dir='ltr'><strong>sacerdotes</strong></span> <span class='ocrx_word' id='word_1_241' title='bbox 1127 4469 1273 4554; x_wconf 84' lang='lat' dir='ltr'><strong>appetiit,</strong></span> <span class='ocrx_word' id='word_1_242' title='bbox 1289 4482 1322 4536; x_wconf 90' lang='lat' dir='ltr'><strong>et</strong></span> 
     </span>
     <span class='ocr_line' id='line_1_34' title="bbox 372 4568 1321 4658; baseline 0.002 -22"><span class='ocrx_word' id='word_1_243' title='bbox 372 4572 495 4636; x_wconf 87' lang='lat' dir='ltr'><strong>Nobenr</strong></span> <span class='ocrx_word' id='word_1_244' title='bbox 506 4572 609 4635; x_wconf 87' lang='lat' dir='ltr'><strong>vicum</strong></span> <span class='ocrx_word' id='word_1_245' title='bbox 626 4592 735 4634; x_wconf 88' lang='lat' dir='ltr'><strong>eorum</strong></span> <span class='ocrx_word' id='word_1_246' title='bbox 748 4568 876 4644; x_wconf 85' lang='lat' dir='ltr'><strong>delevit,</strong></span> <span class='ocrx_word' id='word_1_247' title='bbox 889 4569 920 4632; x_wconf 94' lang='lat' dir='ltr'><strong>in</strong></span> <span class='ocrx_word' id='word_1_248' title='bbox 937 4591 969 4633; x_wconf 90' lang='lat' dir='ltr'><strong>se</strong></span> <span class='ocrx_word' id='word_1_249' title='bbox 983 4570 1166 4656; x_wconf 79' lang='lat' dir='ltr'><strong>provocavit</strong></span> <span class='ocrx_word' id='word_1_250' title='bbox 1177 4571 1321 4658; x_wconf 87' lang='lat' dir='ltr'><strong>gladium</strong></span> 
     </span>
     <span class='ocr_line' id='line_1_35' title="bbox 370 4669 1323 4759; baseline 0 -21"><span class='ocrx_word' id='word_1_251' title='bbox 370 4674 445 4750; x_wconf 88' lang='lat' dir='ltr'><strong>Dei,</strong></span> <span class='ocrx_word' id='word_1_252' title='bbox 461 4697 527 4759; x_wconf 95' lang='lat' dir='ltr'><strong>quo</strong></span> <span class='ocrx_word' id='word_1_253' title='bbox 542 4685 573 4736; x_wconf 91' lang='lat' dir='ltr'><strong>et</strong></span> <span class='ocrx_word' id='word_1_254' title='bbox 590 4675 657 4758; x_wconf 89' lang='lat' dir='ltr'><strong>ipse</strong></span> <span class='ocrx_word' id='word_1_255' title='bbox 677 4682 709 4733; x_wconf 91' lang='lat' dir='ltr'><strong>et</strong></span> <span class='ocrx_word' id='word_1_256' title='bbox 732 4669 848 4733; x_wconf 92' lang='lat' dir='ltr'><strong>domus</strong></span> <span class='ocrx_word' id='word_1_257' title='bbox 870 4670 941 4755; x_wconf 87' lang='lat' dir='ltr'><strong>ejus</strong></span> <span class='ocrx_word' id='word_1_258' title='bbox 961 4670 1210 4756; x_wconf 87' lang='lat' dir='ltr'><strong>Allophylorum</strong></span> <span class='ocrx_word' id='word_1_259' title='bbox 1233 4673 1323 4738; x_wconf 88' lang='lat' dir='ltr'><strong>mini·</strong></span> 
     </span>
     <span class='ocr_line' id='line_1_36' title="bbox 370 4771 1322 4860; baseline 0.001 -19"><span class='ocrx_word' id='word_1_260' title='bbox 370 4776 469 4841; x_wconf 86' lang='lat' dir='ltr'><strong>sterio</strong></span> <span class='ocrx_word' id='word_1_261' title='bbox 482 4773 731 4860; x_wconf 85' lang='lat' dir='ltr'><strong>irreparabiliter</strong></span> <span class='ocrx_word' id='word_1_262' title='bbox 742 4771 840 4837; x_wconf 86' lang='lat' dir='ltr'><strong>deleti</strong></span> <span class='ocrx_word' id='word_1_263' title='bbox 856 4782 938 4854; x_wconf 88' lang='lat' dir='ltr'><strong>sunt,</strong></span> <span class='ocrx_word' id='word_1_264' title='bbox 948 4773 1055 4859; x_wconf 89' lang='lat' dir='ltr'><strong>generi</strong></span> <span class='ocrx_word' id='word_1_265' title='bbox 1071 4797 1128 4838; x_wconf 89' lang='lat' dir='ltr'><strong>suo</strong></span> <span class='ocrx_word' id='word_1_266' title='bbox 1144 4774 1322 4860; x_wconf 86' lang='lat' dir='ltr'><strong>relinquen·</strong></span> 
     </span>
    </p>
   </div>
   <div class='ocr_carea' id='block_1_3' title="bbox 0 0 1709 6434">
    <p class='ocr_par' dir='ltr' id='par_1_3' title="bbox 0 0 1709 6434">
     <span class='ocr_line' id='line_1_37' title="bbox 0 0 1709 6434; baseline 0 0"><span class='ocrx_word' id='word_1_267' title='bbox 0 0 1709 6434; x_wconf 95' lang='lat' dir='ltr'><strong> </strong></span> 
     </span>
    </p>
   </div>
  </div>
 </body>
</html>
