3300 6434
348 1243 541 1322 lina-GL]
732 1259 912 1304 srrsrosa.
1257 1250 1297 1308 87

343 1412 484 1476 caelibem
502 1413 598 1476 vitam
616 1410 725 1494 ignara
740 1412 875 1494 conjuge
893 1410 1034 1489 simulas,
1048 1415 1098 1475 vel
1118 1411 1150 1475 in
1166 1412 1297 1477 alterius

345 1513 457 1577 transis
482 1516 669 1598 amplexus?
701 1511 833 1596 proinde
866 1522 931 1574 tota
956 1512 1022 1575 fere
1051 1511 1146 1597 culpa
1171 1513 1298 1580 videtur

343 1637 411 1678 esse
437 1613 625 1699 presbyteri,
650 1612 792 1676 mulieris
818 1633 911 1697 aeque
937 1613 1026 1688 levis,
1053 1613 1111 1677 nisi
1138 1626 1298 1699 quatenus

343 1735 497 1777 consensu
519 1712 668 1786 secundo,
692 1735 731 1775 ex
756 1735 823 1797 quo
847 1716 985 1797 primum
1011 1714 1113 1777 virum
1136 1736 1299 1798 superesse

346 1816 508 1899 cognovit,
524 1814 653 1877 secundi
672 1814 731 1878 viri
747 1813 877 1898 quidem
893 1828 949 1877 aut
973 1817 1102 1879 omnino
1124 1815 1224 1888 nulla,
1242 1829 1299 1879 aut

345 1930 430 1979 certe
455 1917 595 1992 minima,
619 1916 678 1978 nisi
705 1927 737 1978 et
764 1918 832 2000 ipse
860 1914 942 1980 forte
969 1917 1083 2000 prioris
1109 1916 1300 1981 matrimonii

347 2017 489 2080 conscius
510 2016 616 2080 suerit.
662 2017 745 2093 Quia
765 2040 843 2099 ergo
866 2017 1015 2081 secundae
1034 2040 1108 2101 quae
1129 2019 1205 2080 visae
1226 2033 1301 2080 sunt

348 2140 409 2181 non
433 2119 564 2182 fuerunt
587 2118 721 2202 nuptiae,
745 2118 879 2180 maritus
906 2118 1063 2202 posterior
1089 2119 1114 2180 si
1141 2119 1302 2181 continere

349 2241 409 2281 non
426 2233 541 2304 potest,
559 2229 692 2282 autnon
709 2219 790 2293 vult,
806 2220 895 2303 quod
916 2218 999 2281 forte
1020 2219 1120 2303 magis
1140 2218 1304 2305 expediret

349 2332 480 2405 propter
496 2320 621 2395 liberos,
637 2342 734 2400 quam
756 2316 894 2383 voluerit
915 2318 1024 2395 ducat,
1041 2335 1165 2386 tantum
1188 2316 1219 2382 in
1238 2321 1303 2383 Do-

349 2425 445 2487 mino.
492 2422 665 2506 Presbyter
681 2444 767 2500 vero,
784 2420 840 2506 qui
857 2443 985 2484 causam
1001 2421 1092 2486 dedit
1106 2421 1248 2496 dissidio,
1264 2422 1305 2487 ad

350 2523 580 2590 restitutionem
596 2524 682 2587 dotis
697 2535 823 2587 tenetur
842 2522 945 2600 uxori,
959 2523 1132 2608 praesertim
1149 2546 1250 2608 quum
1271 2524 1304 2586 in

351 2626 521 2711 praesentia
536 2638 650 2703 vestra,
666 2626 698 2688 in
715 2625 813 2687 verbo
830 2625 984 2700 veritatis,
999 2624 1087 2709 quod
1103 2626 1188 2688 omni
1204 2624 1304 2711 stipu-

350 2727 460 2792 lationi
484 2729 647 2811 proevalet,
672 2726 705 2789 in
732 2748 786 2789 ore
811 2725 983 2789 sacerdotis
1005 2746 1039 2789 se
1065 2726 1305 2791 {estimationem

351 2828 437 2893 illius
467 2827 648 2912 promiserit
676 2826 887 2891 redditurum.
934 2829 967 2889 si
995 2824 1075 2909 quid
1104 2840 1211 2890 autem
1242 2828 1306 2893 siu·

349 2931 456 2993 cerius
478 2941 511 2991 et
534 2928 644 2994 utilius
666 2952 685 2990 a
707 2927 847 2991 Domino
871 2928 995 2992 caritati
1020 2940 1133 2991 vestrae
1154 2929 1308 3006 illuxerit,

351 3052 391 3093 ex
414 3028 516 3092 officio
539 3041 644 3092 vestro
666 3028 747 3092 illud
769 3032 906 3113 explete.
952 3033 1020 3093 Nos
1042 3032 1126 3094 enim
1150 3029 1209 3094 ista
1235 3022 1308 3094 con-

352 3129 485 3195 sulendo
505 3130 769 3216 praescripsimus,
784 3130 851 3194 sine
872 3130 1061 3217 praejudieio
1080 3132 1243 3195 sententiae
1261 3154 1309 3195 sa-

352 3232 463 3307 nioris,
478 3232 628 3317 episcopo
650 3230 873 3295 Lincolniensi.
921 3232 1104 3315 Presbyter,
1120 3254 1213 3315 quem
1236 3254 1306 3297 curn

353 3333 462 3398 latrice
484 3336 688 3416 praesentium
705 3345 829 3397 constat
845 3333 1080 3395 matrimonium
1104 3331 1309 3408 contraxisse,

351 3436 430 3521 quia
453 3434 602 3499 adulterii
626 3457 751 3497 causam
778 3433 878 3509 dedit,
900 3446 932 3494 et
957 3454 1056 3495 uxore
1079 3431 1187 3495 relicta
1210 3453 1310 3494 sacer-

354 3536 477 3600 dotium
510 3535 691 3619 usurpavit‚
718 3533 874 3596 arcendus
898 3546 945 3595 est
970 3555 989 3593 a
1019 3530 1193 3593 ministerio
1223 3531 1309 3615 quod

354 3640 570 3721 praesumpsit,
591 3656 694 3719 quum
722 3656 800 3696 uxor·
824 3634 894 3717 ejus
917 3630 1142 3694 continentiam
1168 3630 1310 3716 elegerit.

357 3735 509 3800 Illicitum
526 3747 574 3798 est
595 3734 782 3819 presbytero
801 3732 905 3796 redire
922 3731 963 3798 ad
985 3730 1115 3817 nuptias
1137 3755 1217 3817 quas
1236 3755 1311 3798 cou-

355 3836 495 3922 tempsit.
543 3835 756 3912 Continentia
784 3833 942 3921 siquidem
970 3846 1079 3897 votum
1107 3833 1203 3898 sacris
1225 3834 1311 3899 ordi·

355 3936 450 4001 uibus
479 3950 536 4001 aut
566 3959 763 4021 expressum,
785 3949 843 3999 aut
866 3936 962 4000 tacite
986 3936 1141 4000 insertum
1171 3950 1230 4013 est,
1253 3958 1310 4001 uec

355 4039 485 4124 prodest
501 4039 701 4124 presbytero,
712 4038 797 4125 quod
816 4061 849 4100 se
866 4052 1007 4118 tempore
1022 4036 1223 4099 continentiae
1238 4037 1311 4100 sub·

356 4141 524 4205 diaconum
549 4141 649 4204 suisse
674 4139 798 4226 juravit
824 4138 910 4202 solus
939 4149 1094 4220 praeseute
1123 4148 1153 4198 et
1185 4150 1311 4218 petente

356 4240 484 4304 domino
502 4240 718 4322 Wigornensi,
734 4259 835 4324 quum
852 4238 935 4300 idem
954 4235 1148 4320 disquirente
1163 4237 1311 4322 episcopo

355 4339 545 4405 Cicestrensi
562 4363 593 4401 se
608 4341 765 4424 dejerasse
780 4339 945 4400 coufessus
957 4338 1007 4400 sit.
1039 4335 1189 4399 Profecto
1201 4337 1226 4399 si
1238 4337 1312 4401 sub-

356 4440 508 4504 diaconus
534 4439 690 4503 contraxit
718 4439 968 4513 matrimonium,
994 4437 1105 4500 ordine
1128 4450 1312 4524 contempto

355 4555 388 4605 et
420 4554 574 4605 temerato
603 4538 779 4603 sacerdotio
802 4538 954 4622 indignus
980 4551 1045 4603 est:
1080 4538 1107 4601 si
1133 4538 1312 4623 acolythus,

357 4666 448 4726 aeque
478 4656 662 4726 contempto
693 4638 868 4704 sacerdotio
897 4638 1048 4725 indignus
1077 4652 1135 4730 est,
1169 4653 1201 4703 et
1230 4663 1311 4725 proe·

358 4756 502 4828 sumpto;
528 4757 676 4806 caeterum
693 4742 748 4827 qui
766 4741 896 4804 dissidio
912 4763 1037 4803 causam
1061 4739 1149 4803 dedit
1164 4740 1206 4826 ad
1224 4746 1313 4805 resti-

359 4846 515 4909 tutionem
544 4845 627 4908 dotis
654 4856 780 4908 tenetur
811 4842 913 4915 uxori,
941 4840 1114 4926 praesertim
1142 4836 1253 4926 quum,
1280 4842 1311 4908 in
