<?xml version="1.0" encoding="UTF-8"?>
<!DOCTYPE html PUBLIC "-//W3C//DTD XHTML 1.0 Transitional//EN"
    "http://www.w3.org/TR/xhtml1/DTD/xhtml1-transitional.dtd">
<html xmlns="http://www.w3.org/1999/xhtml" xml:lang="en" lang="en">
 <head>
  <title>
</title>
<meta http-equiv="Content-Type" content="text/html;charset=utf-8" />
  <meta name='ocr-system' content='tesseract 3.04.00' />
  <meta name='ocr-capabilities' content='ocr_page ocr_carea ocr_par ocr_line ocrx_word'/>
</head>
<body>
  <div class='ocr_page' id='page_1' title='image "./joannissaresber14johngoog_0154.png"; bbox 0 0 3300 6434; ppageno 0'>
   <div class='ocr_carea' id='block_1_1' title="bbox 431 1243 1379 1321">
    <p class='ocr_par' dir='ltr' id='par_1_1' title="bbox 431 1243 1379 1321">
     <span class='ocr_line' id='line_1_1' title="bbox 431 1243 1379 1321; baseline -0.004 -16"><span class='ocrx_word' id='word_1_1' title='bbox 431 1248 490 1306; x_wconf 78' lang='lat' dir='ltr'>tat</span> <span class='ocrx_word' id='word_1_2' title='bbox 687 1260 825 1306; x_wconf 81' lang='lat' dir='ltr'>Joaums</span> <span class='ocrx_word' id='word_1_3' title='bbox 842 1259 1116 1303; x_wconf 73' lang='lat' dir='ltr'>sunusssmuusrs</span> <span class='ocrx_word' id='word_1_4' title='bbox 1284 1243 1329 1321; x_wconf 74' lang='lat' dir='ltr'>[s.</span> <span class='ocrx_word' id='word_1_5' title='bbox 1348 1262 1379 1303; x_wconf 89' lang='lat' dir='ltr'>n.</span> 
     </span>
    </p>
   </div>
   <div class='ocr_carea' id='block_1_2' title="bbox 352 1409 1396 4964">
    <p class='ocr_par' dir='ltr' id='par_1_2' title="bbox 352 1409 1396 4964">
     <span class='ocr_line' id='line_1_2' title="bbox 428 1409 1382 1496; baseline -0.003 -20"><span class='ocrx_word' id='word_1_6' title='bbox 428 1435 506 1476; x_wconf 90' lang='lat' dir='ltr'>num</span> <span class='ocrx_word' id='word_1_7' title='bbox 523 1413 622 1476; x_wconf 89' lang='lat' dir='ltr'>totius</span> <span class='ocrx_word' id='word_1_8' title='bbox 637 1409 737 1473; x_wconf 89' lang='lat' dir='ltr'>divini</span> <span class='ocrx_word' id='word_1_9' title='bbox 761 1423 793 1474; x_wconf 91' lang='lat' dir='ltr'>et</span> <span class='ocrx_word' id='word_1_10' title='bbox 818 1409 948 1475; x_wconf 84' lang='lat' dir='ltr'>humani</span> <span class='ocrx_word' id='word_1_11' title='bbox 970 1410 1065 1496; x_wconf 88' lang='lat' dir='ltr'>juris,</span> <span class='ocrx_word' id='word_1_12' title='bbox 1082 1423 1113 1473; x_wconf 91' lang='lat' dir='ltr'>et</span> <span class='ocrx_word' id='word_1_13' title='bbox 1140 1410 1281 1473; x_wconf 90' lang='lat' dir='ltr'>omnium</span> <span class='ocrx_word' id='word_1_14' title='bbox 1308 1434 1382 1496; x_wconf 83' lang='lat' dir='ltr'>quae</span> 
     </span>
     <span class='ocr_line' id='line_1_3' title="bbox 430 1512 1380 1599; baseline -0.004 -20"><span class='ocrx_word' id='word_1_15' title='bbox 430 1528 551 1579; x_wconf 84' lang='lat' dir='ltr'>statuta</span> <span class='ocrx_word' id='word_1_16' title='bbox 574 1527 646 1578; x_wconf 89' lang='lat' dir='ltr'>sunt</span> <span class='ocrx_word' id='word_1_17' title='bbox 667 1514 708 1577; x_wconf 88' lang='lat' dir='ltr'>ab</span> <span class='ocrx_word' id='word_1_18' title='bbox 728 1512 828 1578; x_wconf 88' lang='lat' dir='ltr'>initio.</span> <span class='ocrx_word' id='word_1_19' title='bbox 878 1514 987 1599; x_wconf 88' lang='lat' dir='ltr'>Ipsum</span> <span class='ocrx_word' id='word_1_20' title='bbox 1012 1516 1123 1577; x_wconf 91' lang='lat' dir='ltr'>invoco</span> <span class='ocrx_word' id='word_1_21' title='bbox 1147 1526 1268 1587; x_wconf 89' lang='lat' dir='ltr'>testem,</span> <span class='ocrx_word' id='word_1_22' title='bbox 1285 1536 1380 1599; x_wconf 90' lang='lat' dir='ltr'>quem</span> 
     </span>
     <span class='ocr_line' id='line_1_4' title="bbox 431 1614 1382 1701; baseline -0.001 -23"><span class='ocrx_word' id='word_1_23' title='bbox 431 1616 524 1680; x_wconf 86' lang='lat' dir='ltr'>velim</span> <span class='ocrx_word' id='word_1_24' title='bbox 547 1616 643 1679; x_wconf 91' lang='lat' dir='ltr'>nolim</span> <span class='ocrx_word' id='word_1_25' title='bbox 670 1616 839 1679; x_wconf 83' lang='lat' dir='ltr'>habiturus</span> <span class='ocrx_word' id='word_1_26' title='bbox 862 1638 932 1678; x_wconf 89' lang='lat' dir='ltr'>sum</span> <span class='ocrx_word' id='word_1_27' title='bbox 953 1614 1108 1698; x_wconf 87' lang='lat' dir='ltr'>judicem,</span> <span class='ocrx_word' id='word_1_28' title='bbox 1124 1615 1201 1701; x_wconf 87' lang='lat' dir='ltr'>quia</span> <span class='ocrx_word' id='word_1_29' title='bbox 1224 1615 1382 1678; x_wconf 88' lang='lat' dir='ltr'>exanimi</span> 
     </span>
     <span class='ocr_line' id='line_1_5' title="bbox 430 1717 1383 1802; baseline 0 -21"><span class='ocrx_word' id='word_1_30' title='bbox 430 1722 490 1782; x_wconf 90' lang='lat' dir='ltr'>mei</span> <span class='ocrx_word' id='word_1_31' title='bbox 515 1719 714 1796; x_wconf 85' lang='lat' dir='ltr'>conscientia,</span> <span class='ocrx_word' id='word_1_32' title='bbox 731 1731 765 1781; x_wconf 87' lang='lat' dir='ltr'>tu</span> <span class='ocrx_word' id='word_1_33' title='bbox 788 1739 847 1781; x_wconf 91' lang='lat' dir='ltr'>nec</span> <span class='ocrx_word' id='word_1_34' title='bbox 869 1731 957 1781; x_wconf 90' lang='lat' dir='ltr'>actor</span> <span class='ocrx_word' id='word_1_35' title='bbox 981 1717 1078 1802; x_wconf 84' lang='lat' dir='ltr'>hujus</span> <span class='ocrx_word' id='word_1_36' title='bbox 1096 1718 1183 1781; x_wconf 90' lang='lat' dir='ltr'>verbi</span> <span class='ocrx_word' id='word_1_37' title='bbox 1208 1718 1309 1798; x_wconf 85' lang='lat' dir='ltr'>fuisti,</span> <span class='ocrx_word' id='word_1_38' title='bbox 1324 1742 1383 1781; x_wconf 83' lang='lat' dir='ltr'>nec</span> 
     </span>
     <span class='ocr_line' id='line_1_6' title="bbox 430 1818 1384 1905; baseline 0 -23"><span class='ocrx_word' id='word_1_39' title='bbox 430 1832 626 1905; x_wconf 85' lang='lat' dir='ltr'>procurator,</span> <span class='ocrx_word' id='word_1_40' title='bbox 641 1822 737 1897; x_wconf 88' lang='lat' dir='ltr'>immo</span> <span class='ocrx_word' id='word_1_41' title='bbox 753 1841 808 1881; x_wconf 92' lang='lat' dir='ltr'>uec</span> <span class='ocrx_word' id='word_1_42' title='bbox 825 1818 979 1893; x_wconf 87' lang='lat' dir='ltr'>conscius,</span> <span class='ocrx_word' id='word_1_43' title='bbox 994 1832 1026 1882; x_wconf 87' lang='lat' dir='ltr'>et</span> <span class='ocrx_word' id='word_1_44' title='bbox 1043 1831 1079 1883; x_wconf 91' lang='lat' dir='ltr'>ut</span> <span class='ocrx_word' id='word_1_45' title='bbox 1093 1818 1250 1883; x_wconf 87' lang='lat' dir='ltr'>vocationi</span> <span class='ocrx_word' id='word_1_46' title='bbox 1266 1819 1384 1882; x_wconf 84' lang='lat' dir='ltr'>divinae</span> 
     </span>
     <span class='ocr_line' id='line_1_7' title="bbox 431 1919 1385 2007; baseline 0.001 -23"><span class='ocrx_word' id='word_1_47' title='bbox 431 1920 573 1985; x_wconf 90' lang='lat' dir='ltr'>securius</span> <span class='ocrx_word' id='word_1_48' title='bbox 599 1919 794 2005; x_wconf 81' lang='lat' dir='ltr'>adquiescas,</span> <span class='ocrx_word' id='word_1_49' title='bbox 821 1920 887 1983; x_wconf 90' lang='lat' dir='ltr'>sine</span> <span class='ocrx_word' id='word_1_50' title='bbox 917 1919 1174 2006; x_wconf 80' lang='lat' dir='ltr'>archiepiscopus</span> <span class='ocrx_word' id='word_1_51' title='bbox 1204 1945 1262 2007; x_wconf 86' lang='lat' dir='ltr'>pro</span> <span class='ocrx_word' id='word_1_52' title='bbox 1289 1922 1385 1986; x_wconf 87' lang='lat' dir='ltr'>verbo</span> 
     </span>
     <span class='ocr_line' id='line_1_8' title="bbox 430 2022 1385 2109; baseline 0.001 -23"><span class='ocrx_word' id='word_1_53' title='bbox 430 2023 491 2086; x_wconf 93' lang='lat' dir='ltr'>hoc</span> <span class='ocrx_word' id='word_1_54' title='bbox 515 2022 645 2087; x_wconf 91' lang='lat' dir='ltr'>domino</span> <span class='ocrx_word' id='word_1_55' title='bbox 667 2023 736 2108; x_wconf 86' lang='lat' dir='ltr'>regi</span> <span class='ocrx_word' id='word_1_56' title='bbox 759 2023 931 2107; x_wconf 83' lang='lat' dir='ltr'>scripserit,</span> <span class='ocrx_word' id='word_1_57' title='bbox 952 2023 1018 2087; x_wconf 89' lang='lat' dir='ltr'>sine</span> <span class='ocrx_word' id='word_1_58' title='bbox 1041 2046 1102 2086; x_wconf 92' lang='lat' dir='ltr'>non</span> <span class='ocrx_word' id='word_1_59' title='bbox 1129 2024 1301 2109; x_wconf 78' lang='lat' dir='ltr'>scripserit,</span> <span class='ocrx_word' id='word_1_60' title='bbox 1321 2025 1385 2087; x_wconf 89' lang='lat' dir='ltr'>scio</span> 
     </span>
     <span class='ocr_line' id='line_1_9' title="bbox 433 2125 1386 2213; baseline -0.001 -23"><span class='ocrx_word' id='word_1_61' title='bbox 433 2125 509 2211; x_wconf 91' lang='lat' dir='ltr'>quia</span> <span class='ocrx_word' id='word_1_62' title='bbox 531 2126 584 2189; x_wconf 90' lang='lat' dir='ltr'>ille</span> <span class='ocrx_word' id='word_1_63' title='bbox 607 2125 727 2191; x_wconf 81' lang='lat' dir='ltr'>litteras</span> <span class='ocrx_word' id='word_1_64' title='bbox 749 2125 848 2213; x_wconf 88' lang='lat' dir='ltr'>hujus</span> <span class='ocrx_word' id='word_1_65' title='bbox 870 2149 932 2190; x_wconf 93' lang='lat' dir='ltr'>non</span> <span class='ocrx_word' id='word_1_66' title='bbox 956 2128 1102 2211; x_wconf 82' lang='lat' dir='ltr'>suscepit.</span> <span class='ocrx_word' id='word_1_67' title='bbox 1148 2126 1386 2191; x_wconf 74' lang='lat' dir='ltr'>sollicitabatur</span> 
     </span>
     <span class='ocr_line' id='line_1_10' title="bbox 434 2227 1386 2314; baseline -0.001 -22"><span class='ocrx_word' id='word_1_68' title='bbox 434 2227 563 2312; x_wconf 90' lang='lat' dir='ltr'>quidem</span> <span class='ocrx_word' id='word_1_69' title='bbox 581 2228 720 2313; x_wconf 83' lang='lat' dir='ltr'>profilia</span> <span class='ocrx_word' id='word_1_70' title='bbox 738 2228 911 2314; x_wconf 79' lang='lat' dir='ltr'>Haedingi,</span> <span class='ocrx_word' id='word_1_71' title='bbox 927 2232 985 2314; x_wconf 89' lang='lat' dir='ltr'>qui</span> <span class='ocrx_word' id='word_1_72' title='bbox 1002 2229 1121 2293; x_wconf 87' lang='lat' dir='ltr'>utinam</span> <span class='ocrx_word' id='word_1_73' title='bbox 1138 2227 1185 2292; x_wconf 88' lang='lat' dir='ltr'>vir</span> <span class='ocrx_word' id='word_1_74' title='bbox 1200 2228 1386 2314; x_wconf 87' lang='lat' dir='ltr'>episcopalis</span> 
     </span>
     <span class='ocr_line' id='line_1_11' title="bbox 432 2330 1386 2416; baseline 0.003 -25"><span class='ocrx_word' id='word_1_75' title='bbox 432 2341 523 2403; x_wconf 85' lang='lat' dir='ltr'>esset,</span> <span class='ocrx_word' id='word_1_76' title='bbox 547 2330 601 2392; x_wconf 87' lang='lat' dir='ltr'>sed</span> <span class='ocrx_word' id='word_1_77' title='bbox 631 2352 686 2393; x_wconf 89' lang='lat' dir='ltr'>uec</span> <span class='ocrx_word' id='word_1_78' title='bbox 715 2332 841 2394; x_wconf 83' lang='lat' dir='ltr'>Simone</span> <span class='ocrx_word' id='word_1_79' title='bbox 868 2330 1057 2416; x_wconf 87' lang='lat' dir='ltr'>impellente,</span> <span class='ocrx_word' id='word_1_80' title='bbox 1082 2352 1138 2393; x_wconf 91' lang='lat' dir='ltr'>nec</span> <span class='ocrx_word' id='word_1_81' title='bbox 1160 2330 1386 2395; x_wconf 85' lang='lat' dir='ltr'>inducentibus</span> 
     </span>
     <span class='ocr_line' id='line_1_12' title="bbox 436 2430 1386 2518; baseline 0.003 -25"><span class='ocrx_word' id='word_1_82' title='bbox 436 2430 570 2495; x_wconf 91' lang='lat' dir='ltr'>Giezitis</span> <span class='ocrx_word' id='word_1_83' title='bbox 585 2432 690 2517; x_wconf 86' lang='lat' dir='ltr'>potuit</span> <span class='ocrx_word' id='word_1_84' title='bbox 706 2432 861 2510; x_wconf 88' lang='lat' dir='ltr'>inclinari,</span> <span class='ocrx_word' id='word_1_85' title='bbox 878 2446 912 2495; x_wconf 93' lang='lat' dir='ltr'>ut</span> <span class='ocrx_word' id='word_1_86' title='bbox 930 2432 960 2495; x_wconf 92' lang='lat' dir='ltr'>iu</span> <span class='ocrx_word' id='word_1_87' title='bbox 985 2431 1087 2495; x_wconf 90' lang='lat' dir='ltr'>alieno</span> <span class='ocrx_word' id='word_1_88' title='bbox 1111 2434 1299 2518; x_wconf 89' lang='lat' dir='ltr'>compendio</span> <span class='ocrx_word' id='word_1_89' title='bbox 1322 2431 1386 2496; x_wconf 84' lang='lat' dir='ltr'>dis·</span> 
     </span>
     <span class='ocr_line' id='line_1_13' title="bbox 434 2534 1386 2619; baseline 0.002 -24"><span class='ocrx_word' id='word_1_90' title='bbox 434 2534 585 2616; x_wconf 89' lang='lat' dir='ltr'>pendium</span> <span class='ocrx_word' id='word_1_91' title='bbox 609 2534 725 2597; x_wconf 84' lang='lat' dir='ltr'>faceret</span> <span class='ocrx_word' id='word_1_92' title='bbox 752 2538 865 2597; x_wconf 79' lang='lat' dir='ltr'>unimee</span> <span class='ocrx_word' id='word_1_93' title='bbox 890 2556 966 2596; x_wconf 86' lang='lat' dir='ltr'>suae.</span> <span class='ocrx_word' id='word_1_94' title='bbox 1013 2535 1064 2596; x_wconf 90' lang='lat' dir='ltr'>Sic</span> <span class='ocrx_word' id='word_1_95' title='bbox 1089 2534 1248 2619; x_wconf 83' lang='lat' dir='ltr'>repulsam</span> <span class='ocrx_word' id='word_1_96' title='bbox 1274 2559 1386 2619; x_wconf 86' lang='lat' dir='ltr'>passus</span> 
     </span>
     <span class='ocr_line' id='line_1_14' title="bbox 434 2632 1384 2721; baseline 0.003 -25"><span class='ocrx_word' id='word_1_97' title='bbox 434 2648 482 2698; x_wconf 92' lang='lat' dir='ltr'>est</span> <span class='ocrx_word' id='word_1_98' title='bbox 498 2632 583 2701; x_wconf 85' lang='lat' dir='ltr'>lilius</span> <span class='ocrx_word' id='word_1_99' title='bbox 600 2634 758 2718; x_wconf 82' lang='lat' dir='ltr'>Hardiugi</span> <span class='ocrx_word' id='word_1_100' title='bbox 772 2636 867 2699; x_wconf 87' lang='lat' dir='ltr'>modo</span> <span class='ocrx_word' id='word_1_101' title='bbox 881 2634 1008 2721; x_wconf 90' lang='lat' dir='ltr'>quidem</span> <span class='ocrx_word' id='word_1_102' title='bbox 1023 2635 1157 2698; x_wconf 89' lang='lat' dir='ltr'>dicendo</span> <span class='ocrx_word' id='word_1_103' title='bbox 1169 2637 1384 2720; x_wconf 84' lang='lat' dir='ltr'>potiusquam</span> 
     </span>
     <span class='ocr_line' id='line_1_15' title="bbox 434 2736 1386 2821; baseline 0.002 -23"><span class='ocrx_word' id='word_1_104' title='bbox 434 2736 618 2810; x_wconf 79' lang='lat' dir='ltr'>scribend03</span> <span class='ocrx_word' id='word_1_105' title='bbox 660 2738 705 2801; x_wconf 88' lang='lat' dir='ltr'>ita</span> <span class='ocrx_word' id='word_1_106' title='bbox 733 2751 836 2801; x_wconf 85' lang='lat' dir='ltr'>tamen</span> <span class='ocrx_word' id='word_1_107' title='bbox 864 2751 900 2801; x_wconf 93' lang='lat' dir='ltr'>ut</span> <span class='ocrx_word' id='word_1_108' title='bbox 928 2737 1059 2800; x_wconf 88' lang='lat' dir='ltr'>alterins</span> <span class='ocrx_word' id='word_1_109' title='bbox 1085 2738 1114 2800; x_wconf 94' lang='lat' dir='ltr'>ei</span> <span class='ocrx_word' id='word_1_110' title='bbox 1143 2737 1285 2800; x_wconf 86' lang='lat' dir='ltr'>beneficii</span> <span class='ocrx_word' id='word_1_111' title='bbox 1314 2759 1386 2821; x_wconf 86' lang='lat' dir='ltr'>spes</span> 
     </span>
     <span class='ocr_line' id='line_1_16' title="bbox 434 2839 1384 2925; baseline 0.003 -26"><span class='ocrx_word' id='word_1_112' title='bbox 434 2842 668 2925; x_wconf 81' lang='lat' dir='ltr'>relinqueretur</span> <span class='ocrx_word' id='word_1_113' title='bbox 697 2841 875 2920; x_wconf 89' lang='lat' dir='ltr'>incolumis,</span> <span class='ocrx_word' id='word_1_114' title='bbox 901 2840 966 2921; x_wconf 91' lang='lat' dir='ltr'>sed,</span> <span class='ocrx_word' id='word_1_115' title='bbox 992 2844 1058 2905; x_wconf 88' lang='lat' dir='ltr'>sive</span> <span class='ocrx_word' id='word_1_116' title='bbox 1088 2853 1123 2903; x_wconf 91' lang='lat' dir='ltr'>tu</span> <span class='ocrx_word' id='word_1_117' title='bbox 1155 2839 1292 2925; x_wconf 89' lang='lat' dir='ltr'>epuleris</span> <span class='ocrx_word' id='word_1_118' title='bbox 1319 2841 1384 2902; x_wconf 85' lang='lat' dir='ltr'>si&#39;ve</span> 
     </span>
     <span class='ocr_line' id='line_1_17' title="bbox 435 2943 1386 3028; baseline 0.002 -26"><span class='ocrx_word' id='word_1_119' title='bbox 435 2951 508 3019; x_wconf 86' lang='lat' dir='ltr'>non,</span> <span class='ocrx_word' id='word_1_120' title='bbox 533 2945 677 3007; x_wconf 79' lang='lat' dir='ltr'>moriaris</span> <span class='ocrx_word' id='word_1_121' title='bbox 702 2957 758 3009; x_wconf 92' lang='lat' dir='ltr'>aut</span> <span class='ocrx_word' id='word_1_122' title='bbox 782 2948 880 3023; x_wconf 87' lang='lat' dir='ltr'>viras,</span> <span class='ocrx_word' id='word_1_123' title='bbox 902 2943 955 3006; x_wconf 93' lang='lat' dir='ltr'>ille</span> <span class='ocrx_word' id='word_1_124' title='bbox 977 2966 1152 3028; x_wconf 88' lang='lat' dir='ltr'>numquam</span> <span class='ocrx_word' id='word_1_125' title='bbox 1178 2965 1253 3026; x_wconf 80' lang='lat' dir='ltr'>rege</span> <span class='ocrx_word' id='word_1_126' title='bbox 1278 2956 1386 3005; x_wconf 90' lang='lat' dir='ltr'>nostro</span> 
     </span>
     <span class='ocr_line' id='line_1_18' title="bbox 435 3044 1384 3130; baseline 0 -25"><span class='ocrx_word' id='word_1_127' title='bbox 435 3056 565 3106; x_wconf 87' lang='lat' dir='ltr'>auctore</span> <span class='ocrx_word' id='word_1_128' title='bbox 593 3045 651 3109; x_wconf 88' lang='lat' dir='ltr'>erit</span> <span class='ocrx_word' id='word_1_129' title='bbox 679 3048 855 3130; x_wconf 90' lang='lat' dir='ltr'>episeopus.</span> <span class='ocrx_word' id='word_1_130' title='bbox 904 3045 1062 3122; x_wconf 83' lang='lat' dir='ltr'>Profecto,</span> <span class='ocrx_word' id='word_1_131' title='bbox 1088 3059 1124 3109; x_wconf 90' lang='lat' dir='ltr'>ut</span> <span class='ocrx_word' id='word_1_132' title='bbox 1152 3044 1305 3125; x_wconf 88' lang='lat' dir='ltr'>creditur,</span> <span class='ocrx_word' id='word_1_133' title='bbox 1331 3044 1384 3106; x_wconf 91' lang='lat' dir='ltr'>sed</span> 
     </span>
     <span class='ocr_line' id='line_1_19' title="bbox 436 3143 1386 3234; baseline 0.004 -30"><span class='ocrx_word' id='word_1_134' title='bbox 436 3164 493 3206; x_wconf 91' lang='lat' dir='ltr'>uec</span> <span class='ocrx_word' id='word_1_135' title='bbox 510 3143 660 3223; x_wconf 88' lang='lat' dir='ltr'>Domino,</span> <span class='ocrx_word' id='word_1_136' title='bbox 676 3149 753 3233; x_wconf 89' lang='lat' dir='ltr'>quiu</span> <span class='ocrx_word' id='word_1_137' title='bbox 769 3170 893 3234; x_wconf 89' lang='lat' dir='ltr'>semper</span> <span class='ocrx_word' id='word_1_138' title='bbox 909 3149 997 3211; x_wconf 90' lang='lat' dir='ltr'>nisus</span> <span class='ocrx_word' id='word_1_139' title='bbox 1013 3160 1061 3210; x_wconf 90' lang='lat' dir='ltr'>est</span> <span class='ocrx_word' id='word_1_140' title='bbox 1076 3162 1186 3211; x_wconf 85' lang='lat' dir='ltr'>contra</span> <span class='ocrx_word' id='word_1_141' title='bbox 1202 3147 1386 3221; x_wconf 91' lang='lat' dir='ltr'>Dominum,</span> 
     </span>
     <span class='ocr_line' id='line_1_20' title="bbox 436 3247 1388 3328; baseline 0.002 -22"><span class='ocrx_word' id='word_1_142' title='bbox 436 3258 468 3307; x_wconf 92' lang='lat' dir='ltr'>et</span> <span class='ocrx_word' id='word_1_143' title='bbox 485 3267 543 3328; x_wconf 91' lang='lat' dir='ltr'>pro</span> <span class='ocrx_word' id='word_1_144' title='bbox 559 3247 678 3311; x_wconf 85' lang='lat' dir='ltr'>viribus</span> <span class='ocrx_word' id='word_1_145' title='bbox 694 3249 770 3325; x_wconf 88' lang='lat' dir='ltr'>suis,</span> <span class='ocrx_word' id='word_1_146' title='bbox 786 3263 841 3313; x_wconf 84' lang='lat' dir='ltr'>snt</span> <span class='ocrx_word' id='word_1_147' title='bbox 856 3271 999 3322; x_wconf 89' lang='lat' dir='ltr'>suorum,</span> <span class='ocrx_word' id='word_1_148' title='bbox 1011 3269 1119 3312; x_wconf 90' lang='lat' dir='ltr'>omnes</span> <span class='ocrx_word' id='word_1_149' title='bbox 1135 3247 1276 3311; x_wconf 86' lang='lat' dir='ltr'>turbarit</span> <span class='ocrx_word' id='word_1_150' title='bbox 1292 3247 1388 3309; x_wconf 88' lang='lat' dir='ltr'>eccle-</span> 
     </span>
     <span class='ocr_line' id='line_1_21' title="bbox 437 3346 1386 3437; baseline 0.003 -30"><span class='ocrx_word' id='word_1_151' title='bbox 437 3346 509 3411; x_wconf 87' lang='lat' dir='ltr'>sias.</span> <span class='ocrx_word' id='word_1_152' title='bbox 548 3350 717 3415; x_wconf 91' lang='lat' dir='ltr'>Consuluit</span> <span class='ocrx_word' id='word_1_153' title='bbox 731 3374 779 3415; x_wconf 91' lang='lat' dir='ltr'>me</span> <span class='ocrx_word' id='word_1_154' title='bbox 791 3352 942 3437; x_wconf 84' lang='lat' dir='ltr'>magister</span> <span class='ocrx_word' id='word_1_155' title='bbox 955 3349 1013 3413; x_wconf 92' lang='lat' dir='ltr'>W.</span> <span class='ocrx_word' id='word_1_156' title='bbox 1025 3349 1145 3413; x_wconf 85' lang='lat' dir='ltr'>archid.</span> <span class='ocrx_word' id='word_1_157' title='bbox 1161 3371 1220 3435; x_wconf 89' lang='lat' dir='ltr'>per</span> <span class='ocrx_word' id='word_1_158' title='bbox 1231 3352 1386 3412; x_wconf 88' lang='lat' dir='ltr'>Bosonem</span> 
     </span>
     <span class='ocr_line' id='line_1_22' title="bbox 439 3448 1387 3540; baseline 0.002 -30"><span class='ocrx_word' id='word_1_159' title='bbox 439 3448 557 3514; x_wconf 92' lang='lat' dir='ltr'>socium</span> <span class='ocrx_word' id='word_1_160' title='bbox 574 3474 680 3532; x_wconf 89' lang='lat' dir='ltr'>suum,</span> <span class='ocrx_word' id='word_1_161' title='bbox 693 3467 725 3519; x_wconf 92' lang='lat' dir='ltr'>et</span> <span class='ocrx_word' id='word_1_162' title='bbox 748 3453 946 3540; x_wconf 87' lang='lat' dir='ltr'>dispositioni</span> <span class='ocrx_word' id='word_1_163' title='bbox 969 3451 1098 3530; x_wconf 85' lang='lat' dir='ltr'>divinae,</span> <span class='ocrx_word' id='word_1_164' title='bbox 1112 3449 1264 3513; x_wconf 86' lang='lat' dir='ltr'>adhibitis</span> <span class='ocrx_word' id='word_1_165' title='bbox 1286 3448 1387 3524; x_wconf 88' lang='lat' dir='ltr'>sociis,</span> 
     </span>
     <span class='ocr_line' id='line_1_23' title="bbox 438 3552 1388 3642; baseline 0.002 -30"><span class='ocrx_word' id='word_1_166' title='bbox 438 3572 519 3634; x_wconf 90' lang='lat' dir='ltr'>quos</span> <span class='ocrx_word' id='word_1_167' title='bbox 535 3556 663 3637; x_wconf 89' lang='lat' dir='ltr'>poterit,</span> <span class='ocrx_word' id='word_1_168' title='bbox 680 3556 809 3622; x_wconf 89' lang='lat' dir='ltr'>sedulus</span> <span class='ocrx_word' id='word_1_169' title='bbox 823 3555 1015 3642; x_wconf 85' lang='lat' dir='ltr'>adquiescet.</span> <span class='ocrx_word' id='word_1_170' title='bbox 1052 3553 1103 3617; x_wconf 88' lang='lat' dir='ltr'>Sic</span> <span class='ocrx_word' id='word_1_171' title='bbox 1118 3566 1149 3616; x_wconf 89' lang='lat' dir='ltr'>et</span> <span class='ocrx_word' id='word_1_172' title='bbox 1168 3554 1209 3616; x_wconf 89' lang='lat' dir='ltr'>R.</span> <span class='ocrx_word' id='word_1_173' title='bbox 1225 3552 1265 3616; x_wconf 92' lang='lat' dir='ltr'>de</span> <span class='ocrx_word' id='word_1_174' title='bbox 1282 3552 1388 3614; x_wconf 90' lang='lat' dir='ltr'>Lime-</span> 
     </span>
     <span class='ocr_line' id='line_1_24' title="bbox 352 3652 1390 3743; baseline 0.004 -31"><span class='ocrx_word' id='word_1_175' title='bbox 352 3682 355 3689; x_wconf 95' lang='lat'>·</span> <span class='ocrx_word' id='word_1_176' title='bbox 440 3652 536 3728; x_wconf 86' lang='lat' dir='ltr'>sheia‚</span> <span class='ocrx_word' id='word_1_177' title='bbox 553 3679 626 3719; x_wconf 88' lang='lat' dir='ltr'>sane</span> <span class='ocrx_word' id='word_1_178' title='bbox 648 3662 675 3722; x_wconf 90' lang='lat' dir='ltr'>si</span> <span class='ocrx_word' id='word_1_179' title='bbox 697 3658 880 3723; x_wconf 87' lang='lat' dir='ltr'>electionem</span> <span class='ocrx_word' id='word_1_180' title='bbox 904 3672 1004 3733; x_wconf 87' lang='lat' dir='ltr'>tuum,</span> <span class='ocrx_word' id='word_1_181' title='bbox 1021 3655 1108 3743; x_wconf 90' lang='lat' dir='ltr'>quod</span> <span class='ocrx_word' id='word_1_182' title='bbox 1133 3668 1236 3719; x_wconf 89' lang='lat' dir='ltr'>tamen</span> <span class='ocrx_word' id='word_1_183' title='bbox 1261 3667 1390 3717; x_wconf 87' lang='lat' dir='ltr'>auctore</span> 
     </span>
     <span class='ocr_line' id='line_1_25' title="bbox 441 3752 1389 3844; baseline 0.004 -33"><span class='ocrx_word' id='word_1_184' title='bbox 441 3752 579 3815; x_wconf 92' lang='lat' dir='ltr'>Domino</span> <span class='ocrx_word' id='word_1_185' title='bbox 603 3778 663 3818; x_wconf 92' lang='lat' dir='ltr'>non</span> <span class='ocrx_word' id='word_1_186' title='bbox 690 3772 854 3842; x_wconf 84' lang='lat' dir='ltr'>poterunt,</span> <span class='ocrx_word' id='word_1_187' title='bbox 877 3758 985 3844; x_wconf 89' lang='lat' dir='ltr'>aliquo</span> <span class='ocrx_word' id='word_1_188' title='bbox 1007 3757 1103 3820; x_wconf 78' lang='lat' dir='ltr'>niodo</span> <span class='ocrx_word' id='word_1_189' title='bbox 1129 3770 1257 3841; x_wconf 89' lang='lat' dir='ltr'>possent</span> <span class='ocrx_word' id='word_1_190' title='bbox 1284 3754 1389 3818; x_wconf 70' lang='lat' dir='ltr'>scurrili</span> 
     </span>
     <span class='ocr_line' id='line_1_26' title="bbox 440 3850 1389 3943; baseline 0.005 -32"><span class='ocrx_word' id='word_1_191' title='bbox 440 3850 605 3936; x_wconf 88' lang='lat' dir='ltr'>impedire,</span> <span class='ocrx_word' id='word_1_192' title='bbox 622 3854 698 3916; x_wconf 92' lang='lat' dir='ltr'>nibil</span> <span class='ocrx_word' id='word_1_193' title='bbox 721 3879 830 3919; x_wconf 88' lang='lat' dir='ltr'>eorum</span> <span class='ocrx_word' id='word_1_194' title='bbox 853 3880 928 3943; x_wconf 80' lang='lat' dir='ltr'>quoe</span> <span class='ocrx_word' id='word_1_195' title='bbox 949 3857 1069 3932; x_wconf 84' lang='lat' dir='ltr'>volent,</span> <span class='ocrx_word' id='word_1_196' title='bbox 1084 3856 1234 3934; x_wconf 82' lang='lat' dir='ltr'>facerent,</span> <span class='ocrx_word' id='word_1_197' title='bbox 1249 3856 1302 3919; x_wconf 90' lang='lat' dir='ltr'>sed</span> <span class='ocrx_word' id='word_1_198' title='bbox 1322 3857 1389 3940; x_wconf 86' lang='lat' dir='ltr'>jam</span> 
     </span>
     <span class='ocr_line' id='line_1_27' title="bbox 437 3953 1391 4041; baseline 0.004 -27"><span class='ocrx_word' id='word_1_199' title='bbox 437 3953 587 4039; x_wconf 16' lang='lat' dir='ltr'>,provisus</span> <span class='ocrx_word' id='word_1_200' title='bbox 601 3969 648 4019; x_wconf 85' lang='lat' dir='ltr'>est</span> <span class='ocrx_word' id='word_1_201' title='bbox 671 3956 726 4041; x_wconf 91' lang='lat' dir='ltr'>qui</span> <span class='ocrx_word' id='word_1_202' title='bbox 742 3957 907 4021; x_wconf 81' lang='lat' dir='ltr'>cervicosis</span> <span class='ocrx_word' id='word_1_203' title='bbox 922 3958 1148 4041; x_wconf 87' lang='lat' dir='ltr'>imponeretur,</span> <span class='ocrx_word' id='word_1_204' title='bbox 1165 3972 1195 4019; x_wconf 89' lang='lat' dir='ltr'>et</span> <span class='ocrx_word' id='word_1_205' title='bbox 1219 3979 1294 4041; x_wconf 83' lang='lat' dir='ltr'>quae</span> <span class='ocrx_word' id='word_1_206' title='bbox 1309 3958 1391 4019; x_wconf 87' lang='lat' dir='ltr'>ferre</span> 
     </span>
     <span class='ocr_line' id='line_1_28' title="bbox 442 4056 1390 4144; baseline 0 -25"><span class='ocrx_word' id='word_1_207' title='bbox 442 4079 503 4120; x_wconf 92' lang='lat' dir='ltr'>non</span> <span class='ocrx_word' id='word_1_208' title='bbox 520 4074 655 4144; x_wconf 90' lang='lat' dir='ltr'>possent.</span> <span class='ocrx_word' id='word_1_209' title='bbox 702 4059 842 4123; x_wconf 87' lang='lat' dir='ltr'>Verbum</span> <span class='ocrx_word' id='word_1_210' title='bbox 858 4071 964 4122; x_wconf 91' lang='lat' dir='ltr'>autem</span> <span class='ocrx_word' id='word_1_211' title='bbox 988 4056 1072 4143; x_wconf 91' lang='lat' dir='ltr'>quod</span> <span class='ocrx_word' id='word_1_212' title='bbox 1090 4057 1130 4119; x_wconf 88' lang='lat' dir='ltr'>de</span> <span class='ocrx_word' id='word_1_213' title='bbox 1145 4070 1177 4120; x_wconf 86' lang='lat' dir='ltr'>te</span> <span class='ocrx_word' id='word_1_214' title='bbox 1193 4075 1314 4120; x_wconf 89' lang='lat' dir='ltr'>motum</span> <span class='ocrx_word' id='word_1_215' title='bbox 1331 4074 1390 4129; x_wconf 83' lang='lat' dir='ltr'>est,</span> 
     </span>
     <span class='ocr_line' id='line_1_29' title="bbox 442 4156 1393 4243; baseline -0.003 -20"><span class='ocrx_word' id='word_1_216' title='bbox 442 4160 580 4225; x_wconf 87' lang='lat' dir='ltr'>ecclesiae</span> <span class='ocrx_word' id='word_1_217' title='bbox 613 4161 778 4238; x_wconf 85' lang='lat' dir='ltr'>Romanae,</span> <span class='ocrx_word' id='word_1_218' title='bbox 801 4160 929 4224; x_wconf 88' lang='lat' dir='ltr'>domino</span> <span class='ocrx_word' id='word_1_219' title='bbox 959 4159 1037 4243; x_wconf 76' lang='lat' dir='ltr'>regi,</span> <span class='ocrx_word' id='word_1_220' title='bbox 1060 4156 1315 4241; x_wconf 89' lang='lat' dir='ltr'>metropolitano,</span> <span class='ocrx_word' id='word_1_221' title='bbox 1340 4183 1393 4221; x_wconf 89' lang='lat' dir='ltr'>co·</span> 
     </span>
     <span class='ocr_line' id='line_1_30' title="bbox 443 4258 1394 4349; baseline -0.001 -24"><span class='ocrx_word' id='word_1_222' title='bbox 443 4265 610 4349; x_wconf 88' lang='lat' dir='ltr'>episcopis,</span> <span class='ocrx_word' id='word_1_223' title='bbox 625 4265 678 4328; x_wconf 90' lang='lat' dir='ltr'>sed</span> <span class='ocrx_word' id='word_1_224' title='bbox 695 4280 726 4330; x_wconf 88' lang='lat' dir='ltr'>et</span> <span class='ocrx_word' id='word_1_225' title='bbox 741 4264 890 4329; x_wconf 92' lang='lat' dir='ltr'>omnibus</span> <span class='ocrx_word' id='word_1_226' title='bbox 904 4264 962 4349; x_wconf 93' lang='lat' dir='ltr'>qui</span> <span class='ocrx_word' id='word_1_227' title='bbox 984 4261 1064 4325; x_wconf 93' lang='lat' dir='ltr'>illud</span> <span class='ocrx_word' id='word_1_228' title='bbox 1084 4258 1265 4340; x_wconf 89' lang='lat' dir='ltr'>audierunt,</span> <span class='ocrx_word' id='word_1_229' title='bbox 1280 4259 1394 4346; x_wconf 85' lang='lat' dir='ltr'>placet,</span> 
     </span>
     <span class='ocr_line' id='line_1_31' title="bbox 443 4363 1394 4453; baseline -0.002 -25"><span class='ocrx_word' id='word_1_230' title='bbox 443 4367 584 4453; x_wconf 86' lang='lat' dir='ltr'>exceptis</span> <span class='ocrx_word' id='word_1_231' title='bbox 595 4368 642 4430; x_wconf 90' lang='lat' dir='ltr'>bis</span> <span class='ocrx_word' id='word_1_232' title='bbox 656 4392 736 4452; x_wconf 91' lang='lat' dir='ltr'>quos</span> <span class='ocrx_word' id='word_1_233' title='bbox 747 4383 801 4432; x_wconf 87' lang='lat' dir='ltr'>aut</span> <span class='ocrx_word' id='word_1_234' title='bbox 813 4367 955 4441; x_wconf 86' lang='lat' dir='ltr'>urnbitio,</span> <span class='ocrx_word' id='word_1_235' title='bbox 966 4379 1021 4428; x_wconf 85' lang='lat' dir='ltr'>aut</span> <span class='ocrx_word' id='word_1_236' title='bbox 1034 4364 1176 4437; x_wconf 76' lang='lat' dir='ltr'>avaritia,</span> <span class='ocrx_word' id='word_1_237' title='bbox 1190 4377 1245 4425; x_wconf 88' lang='lat' dir='ltr'>aut</span> <span class='ocrx_word' id='word_1_238' title='bbox 1257 4363 1394 4426; x_wconf 88' lang='lat' dir='ltr'>immun·</span> 
     </span>
     <span class='ocr_line' id='line_1_32' title="bbox 444 4465 1395 4550; baseline -0.003 -20"><span class='ocrx_word' id='word_1_239' title='bbox 444 4468 537 4544; x_wconf 87' lang='lat' dir='ltr'>dicia,</span> <span class='ocrx_word' id='word_1_240' title='bbox 560 4479 616 4533; x_wconf 80' lang='lat' dir='ltr'>aiil</span> <span class='ocrx_word' id='word_1_241' title='bbox 641 4469 771 4548; x_wconf 88' lang='lat' dir='ltr'>invidia,</span> <span class='ocrx_word' id='word_1_242' title='bbox 793 4469 975 4532; x_wconf 80' lang='lat' dir='ltr'>excaecarit.</span> <span class='ocrx_word' id='word_1_243' title='bbox 1020 4465 1113 4544; x_wconf 84' lang='lat' dir='ltr'>Quod</span> <span class='ocrx_word' id='word_1_244' title='bbox 1138 4465 1163 4528; x_wconf 92' lang='lat' dir='ltr'>si</span> <span class='ocrx_word' id='word_1_245' title='bbox 1189 4466 1272 4528; x_wconf 87' lang='lat' dir='ltr'>forte</span> <span class='ocrx_word' id='word_1_246' title='bbox 1297 4488 1395 4550; x_wconf 87' lang='lat' dir='ltr'>appa·</span> 
     </span>
     <span class='ocr_line' id='line_1_33' title="bbox 444 4566 1396 4657; baseline -0.001 -26"><span class='ocrx_word' id='word_1_247' title='bbox 444 4572 566 4634; x_wconf 86' lang='lat' dir='ltr'>ruerint</span> <span class='ocrx_word' id='word_1_248' title='bbox 589 4572 621 4634; x_wconf 90' lang='lat' dir='ltr'>iu</span> <span class='ocrx_word' id='word_1_249' title='bbox 637 4588 806 4657; x_wconf 81' lang='lat' dir='ltr'>conspectu</span> <span class='ocrx_word' id='word_1_250' title='bbox 830 4572 997 4644; x_wconf 89' lang='lat' dir='ltr'>bonorum,</span> <span class='ocrx_word' id='word_1_251' title='bbox 1014 4573 1045 4633; x_wconf 90' lang='lat' dir='ltr'>in</span> <span class='ocrx_word' id='word_1_252' title='bbox 1062 4591 1118 4631; x_wconf 90' lang='lat' dir='ltr'>sua</span> <span class='ocrx_word' id='word_1_253' title='bbox 1142 4566 1261 4632; x_wconf 79' lang='lat' dir='ltr'>malitia</span> <span class='ocrx_word' id='word_1_254' title='bbox 1283 4567 1396 4653; x_wconf 90' lang='lat' dir='ltr'>persis-</span> 
     </span>
     <span class='ocr_line' id='line_1_34' title="bbox 446 4670 1392 4756; baseline -0.002 -24"><span class='ocrx_word' id='word_1_255' title='bbox 446 4685 557 4751; x_wconf 90' lang='lat' dir='ltr'>tentes,</span> <span class='ocrx_word' id='word_1_256' title='bbox 573 4674 746 4737; x_wconf 82' lang='lat' dir='ltr'>confuudet</span> <span class='ocrx_word' id='word_1_257' title='bbox 762 4696 815 4736; x_wconf 88' lang='lat' dir='ltr'>eos</span> <span class='ocrx_word' id='word_1_258' title='bbox 842 4678 938 4747; x_wconf 68' lang='lat' dir='ltr'>licus,</span> <span class='ocrx_word' id='word_1_259' title='bbox 955 4696 993 4734; x_wconf 90' lang='lat' dir='ltr'>ne</span> <span class='ocrx_word' id='word_1_260' title='bbox 1009 4675 1076 4756; x_wconf 89' lang='lat' dir='ltr'>ipse</span> <span class='ocrx_word' id='word_1_261' title='bbox 1091 4670 1296 4753; x_wconf 83' lang='lat' dir='ltr'>dispositione</span> <span class='ocrx_word' id='word_1_262' title='bbox 1311 4671 1392 4732; x_wconf 85' lang='lat' dir='ltr'>frus-</span> 
     </span>
     <span class='ocr_line' id='line_1_35' title="bbox 447 4771 1394 4857; baseline 0 -27"><span class='ocrx_word' id='word_1_263' title='bbox 447 4787 530 4835; x_wconf 82' lang='lat' dir='ltr'>trata</span> <span class='ocrx_word' id='word_1_264' title='bbox 545 4775 760 4838; x_wconf 81' lang='lat' dir='ltr'>corifundatur</span> <span class='ocrx_word' id='word_1_265' title='bbox 782 4776 822 4837; x_wconf 87' lang='lat' dir='ltr'>ab</span> <span class='ocrx_word' id='word_1_266' title='bbox 845 4776 898 4838; x_wconf 90' lang='lat' dir='ltr'>eis.</span> <span class='ocrx_word' id='word_1_267' title='bbox 946 4774 1098 4837; x_wconf 84' lang='lat' dir='ltr'>Silueram</span> <span class='ocrx_word' id='word_1_268' title='bbox 1124 4772 1265 4857; x_wconf 88' lang='lat' dir='ltr'>quidem,</span> <span class='ocrx_word' id='word_1_269' title='bbox 1280 4786 1309 4834; x_wconf 86' lang='lat' dir='ltr'>et</span> <span class='ocrx_word' id='word_1_270' title='bbox 1332 4771 1394 4832; x_wconf 86' lang='lat' dir='ltr'>dis-</span> 
     </span>
     <span class='ocr_line' id='line_1_36' title="bbox 448 4874 1395 4964; baseline -0.002 -29"><span class='ocrx_word' id='word_1_271' title='bbox 448 4874 665 4939; x_wconf 72' lang='lat' dir='ltr'>simulaveram</span> <span class='ocrx_word' id='word_1_272' title='bbox 689 4878 842 4964; x_wconf 79' lang='lat' dir='ltr'>guudimn</span> <span class='ocrx_word' id='word_1_273' title='bbox 862 4899 978 4952; x_wconf 72' lang='lat' dir='ltr'>nucum,</span> <span class='ocrx_word' id='word_1_274' title='bbox 994 4878 1070 4964; x_wconf 87' lang='lat' dir='ltr'>quin</span> <span class='ocrx_word' id='word_1_275' title='bbox 1087 4889 1129 4950; x_wconf 90' lang='lat' dir='ltr'>te,</span> <span class='ocrx_word' id='word_1_276' title='bbox 1147 4877 1171 4939; x_wconf 89' lang='lat' dir='ltr'>si</span> <span class='ocrx_word' id='word_1_277' title='bbox 1189 4874 1255 4936; x_wconf 83' lang='lat' dir='ltr'>fieri</span> <span class='ocrx_word' id='word_1_278' title='bbox 1279 4886 1395 4957; x_wconf 86' lang='lat' dir='ltr'>posset,</span> 
     </span>
    </p>
   </div>
   <div class='ocr_carea' id='block_1_3' title="bbox 0 0 1683 6434">
    <p class='ocr_par' dir='ltr' id='par_1_3' title="bbox 0 0 1683 6434">
     <span class='ocr_line' id='line_1_37' title="bbox 0 0 1683 6434; baseline 0 0"><span class='ocrx_word' id='word_1_279' title='bbox 0 0 1683 6434; x_wconf 95' lang='lat' dir='ltr'> </span> 
     </span>
    </p>
   </div>
  </div>
 </body>
</html>
