3300 6434
353 1247 546 1326 tlon-61]
733 1266 916 1315 urrsrosn.
1263 1252 1305 1314 88

350 1413 425 1477 sede
443 1415 530 1480 Petri
548 1414 648 1482 virum
665 1414 873 1501 apostolicum
890 1416 1015 1496 statuit,
1030 1416 1167 1484 electum
1181 1431 1214 1495 et
1228 1441 1303 1486 con·

349 1530 504 1582 sectatum
528 1515 687 1593 canonice,
703 1517 744 1583 ab
765 1517 916 1586 omnihus
937 1518 993 1603 qui
1015 1531 1099 1585 recte
1119 1520 1248 1605 sapiunt
1269 1534 1302 1586 et

349 1615 504 1681 catholice
529 1617 751 1702 approbatum.
799 1617 834 1683 Is
861 1630 908 1682 est
938 1617 1086 1686 dominus
1114 1619 1304 1697 Alexander,

350 1740 444 1803 quem
464 1719 495 1782 in
511 1731 635 1803 patrem
653 1734 685 1783 et
700 1732 872 1805 pastorem,
888 1741 1018 1787 assensu
1035 1721 1214 1807 principum
1229 1743 1305 1788 uos·

351 1828 486 1899 trorum,
498 1818 676 1904 Anglicana
690 1833 722 1885 et
736 1821 902 1887 Gallicana
915 1837 1105 1908 receperunt
1119 1822 1262 1904 ecclesia,
1273 1835 1305 1887 et

352 1934 469 1986 sancta
492 1926 645 1987 Romanae
670 1923 810 1990 ecclesioe
836 1923 931 2009 plena
952 1924 1121 1990 devotione
1142 1924 1306 2002 obediens,

353 2022 574 2103 Octavianum,
583 2046 655 2088 cum
667 2023 814 2088 omnibus
825 2023 1006 2089 fautoribus
1019 2023 1192 2104 suis,-velut
1207 2024 1308 2091 mani·

288 2154 292 2160 ·
351 2123 433 2189 feste
447 2124 681 2191 schismaticum
697 2139 729 2189 ct
749 2125 934 2190 hoereticum
949 2123 1181 2190 condemnavit.
1227 2123 1308 2190 Inde

352 2225 501 2312 estquod
522 2225 720 2292 universitati
739 2240 853 2291 vestrae
873 2225 1087 2311 precipiendo
1108 2226 1307 2303 mandamus,

353 2338 386 2392 et
398 2328 605 2392 exhortamur
623 2329 656 2392 in
678 2327 828 2408 Domino,
843 2340 1002 2413 qnatenus
1023 2327 1153 2393 domiuo
1167 2328 1309 2394 Alexan·

354 2429 414 2494 dro
437 2442 586 2514 tanquam
610 2429 693 2515 patri
716 2430 886 2508 obediatis,
905 2443 938 2494 et
957 2429 986 2494 ei
1009 2430 1219 2496 reverentiam
1242 2433 1310 2495 Ru·

355 2552 449 2595 mano
463 2531 605 2616 pontifici
621 2532 775 2606 debitam,
791 2553 849 2617 per
863 2532 971 2594 omnia
984 2530 1174 2596 exhibeatis.

424 2718 661 2784 EPISTOLA
685 2719 904 2784 LXV1.-.·-an
919 2737 1038 2784 sanam
1054 2737 1246 2786 nnnarcmr.

402 2842 457 2907 Ex
476 2841 601 2917 litteris,
621 2864 701 2928 quas
724 2841 800 2908 mihi
827 2856 932 2908 vestra
952 2845 1104 2909 serenitas
1129 2845 1313 2923 destinavit,

358 2942 489 3029 planum
512 2958 559 3006 est
582 2943 785 3027 prudentiam
812 2956 948 3008 vestram
973 2941 1176 3029 suggestidne
1202 2947 1315 3033 malig-

359 3044 504 3108 nantium
527 3043 679 3108 adversus
701 3044 912 3109 innocentiam
936 3067 1037 3110 meam
1060 3047 1157 3111 fuisse
1178 3049 1314 3113 circum-

359 3159 498 3211 ventam.
531 3144 696 3232 Siquidem
714 3145 770 3221 illi,
786 3169 868 3233 quos
882 3160 1005 3211 vestros
1026 3149 1234 3235 parochianos
1247 3173 1317 3215 esse

358 3247 508 3329 asseritis,
522 3270 542 3311 a
555 3246 685 3311 domino
699 3248 938 3335 archiepiscopo
953 3272 1010 3336 per
1025 3249 1172 3327 decanos,
1187 3264 1219 3315 et
1235 3251 1315 3315 aiios

359 3348 507 3413 officiales
521 3373 596 3415 suos
611 3371 697 3436 sape
711 3351 801 3415 citati
817 3364 904 3427 sunt,
919 3364 951 3414 et
966 3373 1066 3437 quum
1080 3352 1113 3423 in
1131 3374 1189 3415 sua
1202 3363 1316 3415 eontu-

359 3452 460 3517 macia
473 3452 652 3538 pertinaces
667 3475 792 3539 semper
806 3452 1035 3529 invenirentur,
1048 3451 1175 3515 tandem
1189 3451 1313 3516 denun-

359 3554 478 3619 ciatum
505 3567 553 3619 est
581 3554 626 3617 eis
656 3554 716 3618 sub
745 3552 1001 3619 interminatione
1030 3551 1251 3629 anathematis,
1278 3566 1315 3617 ut

360 3656 484 3741 copiam
505 3656 554 3723 sui
574 3656 607 3719 in
630 3654 750 3738 synodo
770 3654 922 3718 facerent.
957 3654 1027 3719 Illis
1046 3653 1157 3741 itaque
1178 3656 1319 3721 absenti·

359 3756 434 3832 bus,
445 3755 543 3820 immo
557 3756 665 3843 potius
679 3777 712 3819 se
727 3756 956 3820 contumaciter
970 3755 1222 3834 absentantibus,
1234 3780 1317 3844 prm·

362 3872 465 3922 sentes
490 3859 622 3923 fuerunt
651 3856 801 3923 officiales
830 3856 1042 3926 archidiaconi
1072 3878 1129 3943 per
1157 3882 1240 3946 quos
1270 3859 1318 3924 iili

361 3959 532 4046 saepissime
546 3959 635 4026 citati
651 3957 786 4023 fueraut.
827 3956 939 4033 Quum
954 3974 1060 4024 autem
1077 3982 1134 4045 per
1148 3983 1212 4037 eos,
1228 3976 1259 4025 et
1275 3962 1317 4027 de

361 4060 578 4139 citationibus,
587 4075 619 4126 ct
629 4060 669 4125 de
678 4060 857 4125 contumaci
868 4061 1069 4146 responsione
1080 4060 1317 4126 absentantium

362 4164 565 4240 constitisset,
581 4185 647 4227 rem
667 4161 708 4226 ad
723 4161 988 4227 consultationem
1009 4160 1129 4223 domini
1148 4163 1318 4246 archiepis-

362 4264 446 4349 copi,
459 4265 530 4329 iicet
546 4264 688 4349 synodus
699 4262 787 4327 aliud
803 4263 963 4337 suaderet,
975 4261 1095 4324 credidi
1112 4261 1319 4327 referendam.

367 4360 451 4425 Mihi
466 4385 604 4448 namque
619 4363 686 4426 fere
701 4375 769 4425 tota
784 4362 927 4445 synodus
947 4361 1176 4438 reluctabatur,
1192 4376 1224 4426 et
1244 4386 1322 4427 non-

364 4462 444 4525 nulii
464 4462 687 4540 detrahebant,
707 4460 848 4524 dicentes
871 4483 921 4524 me
942 4459 1143 4525 dissimulare
1161 4464 1320 4549 justitiam

366 4562 604 4627 cantuariensis
629 4560 779 4638 ecclesire,
806 4574 838 4625 et
867 4561 988 4625 domini
1015 4561 1254 4650 archiepimoph
1280 4566 1323 4629 ob

366 4665 505 4728 favorem
521 4677 674 4742 restrum,
689 4663 746 4749 qui
762 4674 894 4746 accepto
909 4674 1051 4746 tempore
1067 4660 1230 4746 languoris
1244 4664 1323 4748 ejus,

367 4788 407 4828 ex
430 4766 591 4850 insperato
613 4764 643 4827 in
659 4765 764 4849 ipsum
787 4763 952 4846 insurgere
975 4762 1171 4840 decrevistis,
1187 4778 1219 4829 et
1240 4770 1326 4832 Can·

369 4866 536 4931 tuariensis
557 4864 695 4930 ecciesiae
719 4868 870 4930 terminos
889 4864 1026 4948 ingredi,
1041 4876 1072 4929 et
1096 4887 1164 4930 eam
1182 4866 1231 4931 his
1252 4890 1327 4953 quoe

826 4988 845 5027 u
862 4974 882 5030 2
