<?xml version="1.0" encoding="UTF-8"?>
<!DOCTYPE html PUBLIC "-//W3C//DTD XHTML 1.0 Transitional//EN"
    "http://www.w3.org/TR/xhtml1/DTD/xhtml1-transitional.dtd">
<html xmlns="http://www.w3.org/1999/xhtml" xml:lang="en" lang="en">
 <head>
  <title>
</title>
<meta http-equiv="Content-Type" content="text/html;charset=utf-8" />
  <meta name='ocr-system' content='tesseract 3.04.00' />
  <meta name='ocr-capabilities' content='ocr_page ocr_carea ocr_par ocr_line ocrx_word'/>
</head>
<body>
  <div class='ocr_page' id='page_1' title='image "./joannissaresber14johngoog_0339.png"; bbox 0 0 3300 6434; ppageno 0'>
   <div class='ocr_carea' id='block_1_1' title="bbox 347 1172 1297 1250">
    <p class='ocr_par' dir='ltr' id='par_1_1' title="bbox 347 1172 1297 1250">
     <span class='ocr_line' id='line_1_1' title="bbox 347 1172 1297 1250; baseline 0.001 -18"><span class='ocrx_word' id='word_1_1' title='bbox 347 1172 455 1250; x_wconf 75' lang='lat' dir='ltr'><strong>ileo]</strong></span> <span class='ocrx_word' id='word_1_2' title='bbox 718 1186 901 1233; x_wconf 75' lang='lat' dir='ltr'><strong>nnrsronm.</strong></span> <span class='ocrx_word' id='word_1_3' title='bbox 1233 1177 1297 1235; x_wconf 80' lang='grc'><strong>319</strong></span> 
     </span>
    </p>
   </div>
   <div class='ocr_carea' id='block_1_2' title="bbox 287 1340 1307 4847">
    <p class='ocr_par' dir='ltr' id='par_1_2' title="bbox 340 1340 1303 2636">
     <span class='ocr_line' id='line_1_2' title="bbox 343 1340 1299 1424; baseline 0.005 -25"><span class='ocrx_word' id='word_1_4' title='bbox 343 1351 480 1402; x_wconf 84' lang='lat' dir='ltr'><strong>vestrum</strong></span> <span class='ocrx_word' id='word_1_5' title='bbox 503 1340 656 1413; x_wconf 87' lang='lat' dir='ltr'><strong>conferat,</strong></span> <span class='ocrx_word' id='word_1_6' title='bbox 679 1340 836 1424; x_wconf 82' lang='lat' dir='ltr'><strong>expediat</strong></span> <span class='ocrx_word' id='word_1_7' title='bbox 856 1340 898 1404; x_wconf 87' lang='lat' dir='ltr'><strong>ad</strong></span> <span class='ocrx_word' id='word_1_8' title='bbox 921 1340 1076 1404; x_wconf 74' lang='lat' dir='ltr'>utilitates</span> <span class='ocrx_word' id='word_1_9' title='bbox 1097 1352 1130 1406; x_wconf 88' lang='lat' dir='ltr'><strong>et</strong></span> <span class='ocrx_word' id='word_1_10' title='bbox 1151 1342 1299 1424; x_wconf 87' lang='lat' dir='ltr'><strong>proficiat</strong></span> 
     </span>
     <span class='ocr_line' id='line_1_3' title="bbox 341 1439 1297 1525; baseline 0.004 -23"><span class='ocrx_word' id='word_1_11' title='bbox 341 1439 383 1502; x_wconf 92' lang='lat' dir='ltr'><strong>ad</strong></span> <span class='ocrx_word' id='word_1_12' title='bbox 398 1441 542 1502; x_wconf 88' lang='lat' dir='ltr'><strong>salutem.</strong></span> <span class='ocrx_word' id='word_1_13' title='bbox 588 1441 704 1505; x_wconf 93' lang='lat' dir='ltr'><strong>Dicam</strong></span> <span class='ocrx_word' id='word_1_14' title='bbox 719 1461 795 1523; x_wconf 78' lang='lat' dir='ltr'><strong>ergo</strong></span> <span class='ocrx_word' id='word_1_15' title='bbox 817 1441 905 1525; x_wconf 92' lang='lat' dir='ltr'><strong>quod</strong></span> <span class='ocrx_word' id='word_1_16' title='bbox 920 1441 1035 1519; x_wconf 91' lang='lat' dir='ltr'><strong>sentio,</strong></span> <span class='ocrx_word' id='word_1_17' title='bbox 1050 1452 1086 1505; x_wconf 93' lang='lat' dir='ltr'><strong>ut</strong></span> <span class='ocrx_word' id='word_1_18' title='bbox 1108 1462 1151 1506; x_wconf 89' lang='lat' dir='ltr'><strong>ex</strong></span> <span class='ocrx_word' id='word_1_19' title='bbox 1173 1444 1297 1506; x_wconf 89' lang='lat' dir='ltr'><strong>consci-</strong></span> 
     </span>
     <span class='ocr_line' id='line_1_4' title="bbox 340 1541 1298 1621; baseline 0.004 -17"><span class='ocrx_word' id='word_1_20' title='bbox 340 1542 428 1605; x_wconf 90' lang='lat' dir='ltr'><strong>entia</strong></span> <span class='ocrx_word' id='word_1_21' title='bbox 453 1542 533 1604; x_wconf 90' lang='lat' dir='ltr'><strong>nihil</strong></span> <span class='ocrx_word' id='word_1_22' title='bbox 556 1543 740 1606; x_wconf 78' lang='lat' dir='ltr'><strong>subtraham</strong></span> <span class='ocrx_word' id='word_1_23' title='bbox 763 1543 897 1621; x_wconf 87' lang='lat' dir='ltr'><strong>veritati,</strong></span> <span class='ocrx_word' id='word_1_24' title='bbox 920 1564 961 1607; x_wconf 91' lang='lat' dir='ltr'><strong>ea</strong></span> <span class='ocrx_word' id='word_1_25' title='bbox 983 1541 1046 1605; x_wconf 88' lang='lat' dir='ltr'><strong>lide</strong></span> <span class='ocrx_word' id='word_1_26' title='bbox 1068 1554 1102 1606; x_wconf 90' lang='lat' dir='ltr'><strong>et</strong></span> <span class='ocrx_word' id='word_1_27' title='bbox 1128 1543 1298 1608; x_wconf 85' lang='lat' dir='ltr'><strong>devotione</strong></span> 
     </span>
     <span class='ocr_line' id='line_1_5' title="bbox 343 1643 1299 1728; baseline 0.004 -24"><span class='ocrx_word' id='word_1_28' title='bbox 343 1643 508 1706; x_wconf 74' lang='lat' dir='ltr'><strong>nobiscum</strong></span> <span class='ocrx_word' id='word_1_29' title='bbox 524 1665 634 1723; x_wconf 79' lang='lat' dir='ltr'><strong>agens,</strong></span> <span class='ocrx_word' id='word_1_30' title='bbox 650 1666 715 1728; x_wconf 86' lang='lat' dir='ltr'><strong>qua</strong></span> <span class='ocrx_word' id='word_1_31' title='bbox 734 1644 893 1725; x_wconf 78' lang='lat' dir='ltr'><strong>agendum</strong></span> <span class='ocrx_word' id='word_1_32' title='bbox 915 1644 1015 1708; x_wconf 91' lang='lat' dir='ltr'><strong>didici</strong></span> <span class='ocrx_word' id='word_1_33' title='bbox 1039 1666 1113 1709; x_wconf 88' lang='lat' dir='ltr'><strong>cum</strong></span> <span class='ocrx_word' id='word_1_34' title='bbox 1136 1644 1252 1723; x_wconf 89' lang='lat' dir='ltr'><strong>amico,</strong></span> <span class='ocrx_word' id='word_1_35' title='bbox 1265 1656 1299 1708; x_wconf 91' lang='lat' dir='ltr'><strong>et</strong></span> 
     </span>
     <span class='ocr_line' id='line_1_6' title="bbox 344 1742 1297 1828; baseline 0.003 -22"><span class='ocrx_word' id='word_1_36' title='bbox 344 1763 410 1826; x_wconf 86' lang='lat' dir='ltr'><strong>qua</strong></span> <span class='ocrx_word' id='word_1_37' title='bbox 432 1742 570 1806; x_wconf 89' lang='lat' dir='ltr'><strong>dominis</strong></span> <span class='ocrx_word' id='word_1_38' title='bbox 591 1746 671 1808; x_wconf 88' lang='lat' dir='ltr'><strong>meis</strong></span> <span class='ocrx_word' id='word_1_39' title='bbox 692 1745 821 1828; x_wconf 89' lang='lat' dir='ltr'><strong>placere</strong></span> <span class='ocrx_word' id='word_1_40' title='bbox 844 1744 1006 1809; x_wconf 77' lang='lat' dir='ltr'><strong>consuevi.</strong></span> <span class='ocrx_word' id='word_1_41' title='bbox 1052 1744 1215 1809; x_wconf 87' lang='lat' dir='ltr'><strong>Noveritis</strong></span> <span class='ocrx_word' id='word_1_42' title='bbox 1237 1746 1297 1809; x_wconf 92' lang='lat' dir='ltr'><strong>ita-</strong></span> 
     </span>
     <span class='ocr_line' id='line_1_7' title="bbox 344 1844 1298 1928; baseline 0.002 -21"><span class='ocrx_word' id='word_1_43' title='bbox 344 1865 418 1927; x_wconf 90' lang='lat' dir='ltr'><strong>que,</strong></span> <span class='ocrx_word' id='word_1_44' title='bbox 433 1846 508 1928; x_wconf 86' lang='lat' dir='ltr'><strong>quia</strong></span> <span class='ocrx_word' id='word_1_45' title='bbox 531 1844 571 1908; x_wconf 91' lang='lat' dir='ltr'><strong>de</strong></span> <span class='ocrx_word' id='word_1_46' title='bbox 593 1866 720 1908; x_wconf 89' lang='lat' dir='ltr'><strong>recessu</strong></span> <span class='ocrx_word' id='word_1_47' title='bbox 734 1855 840 1909; x_wconf 84' lang='lat' dir='ltr'><strong>vestro</strong></span> <span class='ocrx_word' id='word_1_48' title='bbox 855 1846 950 1910; x_wconf 77' lang='lat' dir='ltr'><strong>varia</strong></span> <span class='ocrx_word' id='word_1_49' title='bbox 972 1846 1096 1910; x_wconf 87' lang='lat' dir='ltr'><strong>suerunt</strong></span> <span class='ocrx_word' id='word_1_50' title='bbox 1119 1847 1298 1922; x_wconf 75' lang='lat' dir='ltr'><strong>sententie,</strong></span> 
     </span>
     <span class='ocr_line' id='line_1_8' title="bbox 347 1946 1299 2029; baseline 0.002 -23"><span class='ocrx_word' id='word_1_51' title='bbox 347 1947 455 2009; x_wconf 85' lang='lat' dir='ltr'><strong>multis</strong></span> <span class='ocrx_word' id='word_1_52' title='bbox 480 1948 718 2020; x_wconf 78' lang='lat' dir='ltr'>accusantibus,</span> <span class='ocrx_word' id='word_1_53' title='bbox 741 1946 972 2010; x_wconf 79' lang='lat' dir='ltr'>excusantibus</span> <span class='ocrx_word' id='word_1_54' title='bbox 997 1946 1109 2029; x_wconf 79' lang='lat' dir='ltr'><strong>paucis</strong></span> <span class='ocrx_word' id='word_1_55' title='bbox 1131 1948 1299 2010; x_wconf 81' lang='lat' dir='ltr'><strong>transitum</strong></span> 
     </span>
     <span class='ocr_line' id='line_1_9' title="bbox 346 2043 1299 2131; baseline 0.002 -22"><span class='ocrx_word' id='word_1_56' title='bbox 346 2069 440 2131; x_wconf 88' lang='lat' dir='ltr'><strong>quern</strong></span> <span class='ocrx_word' id='word_1_57' title='bbox 471 2048 602 2112; x_wconf 87' lang='lat' dir='ltr'><strong>lecistis.</strong></span> <span class='ocrx_word' id='word_1_58' title='bbox 648 2043 723 2111; x_wconf 92' lang='lat' dir='ltr'><strong>Non</strong></span> <span class='ocrx_word' id='word_1_59' title='bbox 750 2049 837 2111; x_wconf 85' lang='lat' dir='ltr'><strong>enirn</strong></span> <span class='ocrx_word' id='word_1_60' title='bbox 861 2059 992 2111; x_wconf 85' lang='lat' dir='ltr'><strong>noverat</strong></span> <span class='ocrx_word' id='word_1_61' title='bbox 1022 2048 1191 2111; x_wconf 91' lang='lat' dir='ltr'><strong>multitudo</strong></span> <span class='ocrx_word' id='word_1_62' title='bbox 1221 2048 1299 2131; x_wconf 87' lang='lat' dir='ltr'><strong>quid</strong></span> 
     </span>
     <span class='ocr_line' id='line_1_10' title="bbox 346 2149 1300 2233; baseline -0.001 -21"><span class='ocrx_word' id='word_1_63' title='bbox 346 2149 444 2212; x_wconf 89' lang='lat' dir='ltr'><strong>animi</strong></span> <span class='ocrx_word' id='word_1_64' title='bbox 459 2149 628 2226; x_wconf 88' lang='lat' dir='ltr'><strong>haberetis,</strong></span> <span class='ocrx_word' id='word_1_65' title='bbox 640 2169 713 2232; x_wconf 83' lang='lat' dir='ltr'><strong>quae</strong></span> <span class='ocrx_word' id='word_1_66' title='bbox 727 2170 785 2212; x_wconf 83' lang='lat' dir='ltr'><strong>vos</strong></span> <span class='ocrx_word' id='word_1_67' title='bbox 799 2160 926 2230; x_wconf 79' lang='lat' dir='ltr'><strong>urgeret</strong></span> <span class='ocrx_word' id='word_1_68' title='bbox 940 2150 1127 2227; x_wconf 78' lang='lat' dir='ltr'><strong>necessitas,</strong></span> <span class='ocrx_word' id='word_1_69' title='bbox 1141 2162 1300 2233; x_wconf 89' lang='lat' dir='ltr'><strong>quatenus</strong></span> 
     </span>
     <span class='ocr_line' id='line_1_11' title="bbox 347 2249 1300 2335; baseline -0.001 -22"><span class='ocrx_word' id='word_1_70' title='bbox 347 2252 437 2314; x_wconf 84' lang='lat' dir='ltr'><strong>vobis</strong></span> <span class='ocrx_word' id='word_1_71' title='bbox 452 2251 617 2313; x_wconf 88' lang='lat' dir='ltr'><strong>Romanus</strong></span> <span class='ocrx_word' id='word_1_72' title='bbox 631 2249 779 2335; x_wconf 85' lang='lat' dir='ltr'><strong>pontifex</strong></span> <span class='ocrx_word' id='word_1_73' title='bbox 793 2249 989 2327; x_wconf 80' lang='lat' dir='ltr'><strong>indulsisset,</strong></span> <span class='ocrx_word' id='word_1_74' title='bbox 1004 2251 1083 2333; x_wconf 91' lang='lat' dir='ltr'><strong>quid</strong></span> <span class='ocrx_word' id='word_1_75' title='bbox 1098 2251 1247 2314; x_wconf 84' lang='lat' dir='ltr'><strong>utilitatis</strong></span> <span class='ocrx_word' id='word_1_76' title='bbox 1258 2270 1300 2313; x_wconf 82' lang='lat' dir='ltr'><strong>ex</strong></span> 
     </span>
     <span class='ocr_line' id='line_1_12' title="bbox 349 2351 1303 2435; baseline -0.001 -21"><span class='ocrx_word' id='word_1_77' title='bbox 349 2352 445 2435; x_wconf 89' lang='lat' dir='ltr'><strong>hujus</strong></span> <span class='ocrx_word' id='word_1_78' title='bbox 466 2351 562 2414; x_wconf 78' lang='lat' dir='ltr'><strong>vestri</strong></span> <span class='ocrx_word' id='word_1_79' title='bbox 588 2351 829 2433; x_wconf 87' lang='lat' dir='ltr'><strong>dispensatione</strong></span> <span class='ocrx_word' id='word_1_80' title='bbox 852 2351 988 2429; x_wconf 87' lang='lat' dir='ltr'><strong>consilii,</strong></span> <span class='ocrx_word' id='word_1_81' title='bbox 1011 2352 1176 2435; x_wconf 83' lang='lat' dir='ltr'><strong>provenire</strong></span> <span class='ocrx_word' id='word_1_82' title='bbox 1201 2351 1303 2434; x_wconf 81' lang='lat' dir='ltr'><strong>possit</strong></span> 
     </span>
     <span class='ocr_line' id='line_1_13' title="bbox 346 2451 1301 2529; baseline -0.002 -13"><span class='ocrx_word' id='word_1_83' title='bbox 346 2452 514 2516; x_wconf 75' lang='lat' dir='ltr'><strong>Ecclesiae.</strong></span> <span class='ocrx_word' id='word_1_84' title='bbox 551 2453 669 2516; x_wconf 88' lang='lat' dir='ltr'><strong>Verum</strong></span> <span class='ocrx_word' id='word_1_85' title='bbox 685 2452 850 2515; x_wconf 87' lang='lat' dir='ltr'><strong>intuentur</strong></span> <span class='ocrx_word' id='word_1_86' title='bbox 864 2451 1047 2516; x_wconf 83' lang='lat' dir='ltr'><strong>schismatis</strong></span> <span class='ocrx_word' id='word_1_87' title='bbox 1062 2452 1195 2529; x_wconf 92' lang='lat' dir='ltr'><strong>crimen,</strong></span> <span class='ocrx_word' id='word_1_88' title='bbox 1209 2453 1301 2514; x_wconf 91' lang='lat' dir='ltr'><strong>mali·</strong></span> 
     </span>
     <span class='ocr_line' id='line_1_14' title="bbox 346 2551 1301 2636; baseline -0.003 -19"><span class='ocrx_word' id='word_1_89' title='bbox 346 2553 422 2617; x_wconf 85' lang='lat' dir='ltr'><strong>tiam</strong></span> <span class='ocrx_word' id='word_1_90' title='bbox 438 2574 548 2617; x_wconf 91' lang='lat' dir='ltr'><strong>eorum</strong></span> <span class='ocrx_word' id='word_1_91' title='bbox 570 2553 611 2615; x_wconf 87' lang='lat' dir='ltr'><strong>ad</strong></span> <span class='ocrx_word' id='word_1_92' title='bbox 634 2575 716 2636; x_wconf 90' lang='lat' dir='ltr'><strong>quos</strong></span> <span class='ocrx_word' id='word_1_93' title='bbox 737 2554 908 2628; x_wconf 89' lang='lat' dir='ltr'><strong>transistis,</strong></span> <span class='ocrx_word' id='word_1_94' title='bbox 923 2551 1100 2636; x_wconf 88' lang='lat' dir='ltr'><strong>periculum</strong></span> <span class='ocrx_word' id='word_1_95' title='bbox 1122 2552 1301 2615; x_wconf 91' lang='lat' dir='ltr'><strong>communi·</strong></span> 
     </span>
    </p>

    <p class='ocr_par' dir='ltr' id='par_1_3' title="bbox 287 2653 1307 4847">
     <span class='ocr_line' id='line_1_15' title="bbox 345 2653 1302 2738; baseline -0.001 -20"><span class='ocrx_word' id='word_1_96' title='bbox 345 2654 442 2718; x_wconf 84' lang='lat' dir='ltr'><strong>caudi</strong></span> <span class='ocrx_word' id='word_1_97' title='bbox 467 2655 754 2717; x_wconf 86' lang='lat' dir='ltr'><strong>excommunicatis</strong></span> <span class='ocrx_word' id='word_1_98' title='bbox 780 2676 820 2717; x_wconf 88' lang='lat' dir='ltr'><strong>ex</strong></span> <span class='ocrx_word' id='word_1_99' title='bbox 846 2653 934 2738; x_wconf 90' lang='lat' dir='ltr'><strong>justa</strong></span> <span class='ocrx_word' id='word_1_100' title='bbox 959 2674 1066 2731; x_wconf 85' lang='lat' dir='ltr'><strong>causa,</strong></span> <span class='ocrx_word' id='word_1_101' title='bbox 1090 2664 1123 2717; x_wconf 96' lang='lat' dir='ltr'><strong>et</strong></span> <span class='ocrx_word' id='word_1_102' title='bbox 1145 2654 1245 2736; x_wconf 89' lang='lat' dir='ltr'><strong>juste,</strong></span> <span class='ocrx_word' id='word_1_103' title='bbox 1269 2664 1302 2717; x_wconf 91' lang='lat' dir='ltr'><strong>et</strong></span> 
     </span>
     <span class='ocr_line' id='line_1_16' title="bbox 287 2740 1301 2840; baseline -0.001 -21"><span class='ocrx_word' id='word_1_104' title='bbox 287 2740 292 2751; x_wconf 50' lang='lat'>¹</span> <span class='ocrx_word' id='word_1_105' title='bbox 345 2777 441 2840; x_wconf 85' lang='lat' dir='ltr'><strong>quem</strong></span> <span class='ocrx_word' id='word_1_106' title='bbox 471 2754 581 2819; x_wconf 88' lang='lat' dir='ltr'><strong>vident</strong></span> <span class='ocrx_word' id='word_1_107' title='bbox 620 2755 842 2819; x_wconf 87' lang='lat' dir='ltr'><strong>damnatorum</strong></span> <span class='ocrx_word' id='word_1_108' title='bbox 882 2756 1082 2819; x_wconf 90' lang='lat' dir='ltr'><strong>contactibus</strong></span> <span class='ocrx_word' id='word_1_109' title='bbox 1119 2756 1301 2830; x_wconf 87' lang='lat' dir='ltr'><strong>immisceri,</strong></span> 
     </span>
     <span class='ocr_line' id='line_1_17' title="bbox 346 2856 1300 2939; baseline 0 -19"><span class='ocrx_word' id='word_1_110' title='bbox 346 2856 526 2920; x_wconf 88' lang='lat' dir='ltr'><strong>consentire</strong></span> <span class='ocrx_word' id='word_1_111' title='bbox 541 2877 670 2939; x_wconf 89' lang='lat' dir='ltr'><strong>quoque</strong></span> <span class='ocrx_word' id='word_1_112' title='bbox 682 2857 853 2938; x_wconf 86' lang='lat' dir='ltr'><strong>opinantur</strong></span> <span class='ocrx_word' id='word_1_113' title='bbox 868 2857 974 2918; x_wconf 83' lang='lat' dir='ltr'><strong>errori.</strong></span> <span class='ocrx_word' id='word_1_114' title='bbox 1012 2857 1086 2936; x_wconf 80' lang='lat' dir='ltr'><strong>Ego</strong></span> <span class='ocrx_word' id='word_1_115' title='bbox 1101 2857 1158 2939; x_wconf 91' lang='lat' dir='ltr'><strong>qui</strong></span> <span class='ocrx_word' id='word_1_116' title='bbox 1173 2877 1300 2920; x_wconf 85' lang='lat' dir='ltr'><strong>causam</strong></span> 
     </span>
     <span class='ocr_line' id='line_1_18' title="bbox 349 2951 1301 3036; baseline 0.002 -20"><span class='ocrx_word' id='word_1_117' title='bbox 349 2968 485 3020; x_wconf 86' lang='lat' dir='ltr'><strong>vestram</strong></span> <span class='ocrx_word' id='word_1_118' title='bbox 500 2966 534 3018; x_wconf 91' lang='lat' dir='ltr'><strong>et</strong></span> <span class='ocrx_word' id='word_1_119' title='bbox 548 2956 687 3018; x_wconf 91' lang='lat' dir='ltr'><strong>animum</strong></span> <span class='ocrx_word' id='word_1_120' title='bbox 710 2955 781 3016; x_wconf 90' lang='lat' dir='ltr'><strong>aliis</strong></span> <span class='ocrx_word' id='word_1_121' title='bbox 803 2951 995 3036; x_wconf 90' lang='lat' dir='ltr'><strong>quibusdam</strong></span> <span class='ocrx_word' id='word_1_122' title='bbox 1010 2954 1195 3017; x_wconf 84' lang='lat' dir='ltr'><strong>familiarius</strong></span> <span class='ocrx_word' id='word_1_123' title='bbox 1216 2957 1301 3030; x_wconf 83' lang='lat' dir='ltr'><strong>novi,</strong></span> 
     </span>
     <span class='ocr_line' id='line_1_19' title="bbox 348 3054 1303 3141; baseline 0.001 -22"><span class='ocrx_word' id='word_1_124' title='bbox 348 3055 383 3119; x_wconf 94' lang='lat' dir='ltr'><strong>in</strong></span> <span class='ocrx_word' id='word_1_125' title='bbox 398 3067 487 3141; x_wconf 88' lang='lat' dir='ltr'><strong>parte</strong></span> <span class='ocrx_word' id='word_1_126' title='bbox 502 3056 668 3119; x_wconf 88' lang='lat' dir='ltr'><strong>consentio</strong></span> <span class='ocrx_word' id='word_1_127' title='bbox 682 3054 892 3130; x_wconf 88' lang='lat' dir='ltr'><strong>multitudini,</strong></span> <span class='ocrx_word' id='word_1_128' title='bbox 908 3054 965 3117; x_wconf 89' lang='lat' dir='ltr'><strong>sed</strong></span> <span class='ocrx_word' id='word_1_129' title='bbox 988 3054 1143 3118; x_wconf 87' lang='lat' dir='ltr'><strong>dissentio</strong></span> <span class='ocrx_word' id='word_1_130' title='bbox 1158 3054 1190 3118; x_wconf 91' lang='lat' dir='ltr'><strong>in</strong></span> <span class='ocrx_word' id='word_1_131' title='bbox 1214 3066 1303 3140; x_wconf 87' lang='lat' dir='ltr'><strong>parte</strong></span> 
     </span>
     <span class='ocr_line' id='line_1_20' title="bbox 351 3153 1304 3239; baseline -0.001 -19"><span class='ocrx_word' id='word_1_132' title='bbox 351 3178 478 3239; x_wconf 75' lang='lat' dir='ltr'><strong>magna.</strong></span> <span class='ocrx_word' id='word_1_133' title='bbox 527 3157 612 3219; x_wconf 90' lang='lat' dir='ltr'><strong>Nam</strong></span> <span class='ocrx_word' id='word_1_134' title='bbox 643 3155 751 3239; x_wconf 90' lang='lat' dir='ltr'><strong>quoad</strong></span> <span class='ocrx_word' id='word_1_135' title='bbox 780 3153 963 3218; x_wconf 88' lang='lat' dir='ltr'><strong>schismatis</strong></span> <span class='ocrx_word' id='word_1_136' title='bbox 992 3155 1304 3235; x_wconf 86' lang='lat' dir='ltr'><strong>condemnationem,</strong></span> 
     </span>
     <span class='ocr_line' id='line_1_21' title="bbox 349 3255 1304 3341; baseline -0.001 -19"><span class='ocrx_word' id='word_1_137' title='bbox 349 3272 435 3323; x_wconf 84' lang='lat' dir='ltr'><strong>recte</strong></span> <span class='ocrx_word' id='word_1_138' title='bbox 451 3257 602 3333; x_wconf 89' lang='lat' dir='ltr'><strong>sentiunt,</strong></span> <span class='ocrx_word' id='word_1_139' title='bbox 616 3278 655 3320; x_wconf 85' lang='lat' dir='ltr'><strong>eo</strong></span> <span class='ocrx_word' id='word_1_140' title='bbox 677 3255 765 3341; x_wconf 90' lang='lat' dir='ltr'><strong>quod</strong></span> <span class='ocrx_word' id='word_1_141' title='bbox 788 3258 829 3319; x_wconf 86' lang='lat' dir='ltr'><strong>ab</strong></span> <span class='ocrx_word' id='word_1_142' title='bbox 851 3257 943 3320; x_wconf 90' lang='lat' dir='ltr'><strong>initio</strong></span> <span class='ocrx_word' id='word_1_143' title='bbox 966 3259 1049 3341; x_wconf 82' lang='lat' dir='ltr'><strong>legis</strong></span> <span class='ocrx_word' id='word_1_144' title='bbox 1072 3257 1167 3331; x_wconf 85' lang='lat' dir='ltr'><strong>datae,</strong></span> <span class='ocrx_word' id='word_1_145' title='bbox 1184 3270 1304 3340; x_wconf 85' lang='lat' dir='ltr'><strong>quanta</strong></span> 
     </span>
     <span class='ocr_line' id='line_1_22' title="bbox 350 3358 1304 3442; baseline -0.001 -20"><span class='ocrx_word' id='word_1_146' title='bbox 350 3361 391 3423; x_wconf 91' lang='lat' dir='ltr'><strong>sit</strong></span> <span class='ocrx_word' id='word_1_147' title='bbox 406 3360 528 3423; x_wconf 86' lang='lat' dir='ltr'><strong>malitia</strong></span> <span class='ocrx_word' id='word_1_148' title='bbox 542 3359 684 3422; x_wconf 88' lang='lat' dir='ltr'><strong>criminis</strong></span> <span class='ocrx_word' id='word_1_149' title='bbox 698 3358 804 3440; x_wconf 85' lang='lat' dir='ltr'><strong>hujus,</strong></span> <span class='ocrx_word' id='word_1_150' title='bbox 816 3370 954 3431; x_wconf 90' lang='lat' dir='ltr'><strong>constat,</strong></span> <span class='ocrx_word' id='word_1_151' title='bbox 966 3379 1064 3442; x_wconf 90' lang='lat' dir='ltr'><strong>quum</strong></span> <span class='ocrx_word' id='word_1_152' title='bbox 1081 3358 1304 3421; x_wconf 90' lang='lat' dir='ltr'><strong>schismaticos</strong></span> 
     </span>
     <span class='ocr_line' id='line_1_23' title="bbox 348 3459 1304 3544; baseline -0.002 -20"><span class='ocrx_word' id='word_1_153' title='bbox 348 3462 478 3544; x_wconf 88' lang='lat' dir='ltr'><strong>primos,</strong></span> <span class='ocrx_word' id='word_1_154' title='bbox 494 3460 612 3530; x_wconf 80' lang='lat' dir='ltr'><strong>Chore,</strong></span> <span class='ocrx_word' id='word_1_155' title='bbox 627 3460 770 3534; x_wconf 87' lang='lat' dir='ltr'><strong>Dathan,</strong></span> <span class='ocrx_word' id='word_1_156' title='bbox 785 3469 816 3521; x_wconf 92' lang='lat' dir='ltr'><strong>et</strong></span> <span class='ocrx_word' id='word_1_157' title='bbox 832 3459 964 3536; x_wconf 85' lang='lat' dir='ltr'><strong>Abiron,</strong></span> <span class='ocrx_word' id='word_1_158' title='bbox 975 3469 1008 3521; x_wconf 93' lang='lat' dir='ltr'><strong>et</strong></span> <span class='ocrx_word' id='word_1_159' title='bbox 1023 3479 1178 3542; x_wconf 85' lang='lat' dir='ltr'><strong>sequaces</strong></span> <span class='ocrx_word' id='word_1_160' title='bbox 1193 3480 1304 3522; x_wconf 84' lang='lat' dir='ltr'><strong>eorum</strong></span> 
     </span>
     <span class='ocr_line' id='line_1_24' title="bbox 348 3559 1304 3642; baseline 0.002 -20"><span class='ocrx_word' id='word_1_161' title='bbox 348 3562 474 3624; x_wconf 86' lang='lat' dir='ltr'><strong>insueta</strong></span> <span class='ocrx_word' id='word_1_162' title='bbox 488 3559 652 3622; x_wconf 90' lang='lat' dir='ltr'><strong>hominum</strong></span> <span class='ocrx_word' id='word_1_163' title='bbox 673 3570 773 3622; x_wconf 90' lang='lat' dir='ltr'><strong>morte</strong></span> <span class='ocrx_word' id='word_1_164' title='bbox 797 3571 1005 3641; x_wconf 87' lang='lat' dir='ltr'><strong>consumptos</strong></span> <span class='ocrx_word' id='word_1_165' title='bbox 1028 3579 1118 3623; x_wconf 87' lang='lat' dir='ltr'><strong>saera</strong></span> <span class='ocrx_word' id='word_1_166' title='bbox 1140 3559 1304 3642; x_wconf 85' lang='lat' dir='ltr'><strong>Scriptura</strong></span> 
     </span>
     <span class='ocr_line' id='line_1_25' title="bbox 349 3659 1304 3742; baseline -0.001 -18"><span class='ocrx_word' id='word_1_167' title='bbox 349 3661 470 3733; x_wconf 87' lang='lat' dir='ltr'><strong>tradat;</strong></span> <span class='ocrx_word' id='word_1_168' title='bbox 493 3681 666 3742; x_wconf 88' lang='lat' dir='ltr'><strong>eorumque</strong></span> <span class='ocrx_word' id='word_1_169' title='bbox 682 3659 972 3742; x_wconf 89' lang='lat' dir='ltr'><strong>periculosissimus</strong></span> <span class='ocrx_word' id='word_1_170' title='bbox 986 3671 1036 3722; x_wconf 89' lang='lat' dir='ltr'><strong>est</strong></span> <span class='ocrx_word' id='word_1_171' title='bbox 1050 3661 1226 3738; x_wconf 83' lang='lat' dir='ltr'><strong>convictus,</strong></span> <span class='ocrx_word' id='word_1_172' title='bbox 1240 3659 1304 3723; x_wconf 91' lang='lat' dir='ltr'><strong>nisi</strong></span> 
     </span>
     <span class='ocr_line' id='line_1_26' title="bbox 351 3760 1302 3825; baseline 0 -2"><span class='ocrx_word' id='word_1_173' title='bbox 351 3762 512 3825; x_wconf 87' lang='lat' dir='ltr'><strong>acrimine</strong></span> <span class='ocrx_word' id='word_1_174' title='bbox 524 3779 633 3824; x_wconf 89' lang='lat' dir='ltr'><strong>eorum</strong></span> <span class='ocrx_word' id='word_1_175' title='bbox 647 3762 686 3824; x_wconf 92' lang='lat' dir='ltr'><strong>sit</strong></span> <span class='ocrx_word' id='word_1_176' title='bbox 698 3760 883 3824; x_wconf 78' lang='lat' dir='ltr'><strong>manifestus</strong></span> <span class='ocrx_word' id='word_1_177' title='bbox 896 3760 960 3822; x_wconf 86' lang='lat' dir='ltr'><strong>vita</strong></span> <span class='ocrx_word' id='word_1_178' title='bbox 974 3771 1007 3822; x_wconf 90' lang='lat' dir='ltr'><strong>et</strong></span> <span class='ocrx_word' id='word_1_179' title='bbox 1017 3762 1114 3823; x_wconf 87' lang='lat' dir='ltr'><strong>verbo</strong></span> <span class='ocrx_word' id='word_1_180' title='bbox 1129 3760 1302 3825; x_wconf 87' lang='lat' dir='ltr'><strong>dissensus.</strong></span> 
     </span>
     <span class='ocr_line' id='line_1_27' title="bbox 353 3859 1302 3925; baseline -0.001 -1"><span class='ocrx_word' id='word_1_181' title='bbox 353 3859 449 3924; x_wconf 93' lang='lat' dir='ltr'><strong>Unde</strong></span> <span class='ocrx_word' id='word_1_182' title='bbox 464 3862 498 3923; x_wconf 93' lang='lat' dir='ltr'><strong>iu</strong></span> <span class='ocrx_word' id='word_1_183' title='bbox 513 3862 594 3924; x_wconf 88' lang='lat' dir='ltr'><strong>libro</strong></span> <span class='ocrx_word' id='word_1_184' title='bbox 612 3859 982 3923; x_wconf 75' lang='lat' dir='ltr'><strong>Nummorum-scienti</strong></span> <span class='ocrx_word' id='word_1_185' title='bbox 997 3861 1114 3924; x_wconf 92' lang='lat' dir='ltr'><strong>etenim</strong></span> <span class='ocrx_word' id='word_1_186' title='bbox 1126 3871 1159 3925; x_wconf 92' lang='lat' dir='ltr'><strong>et</strong></span> <span class='ocrx_word' id='word_1_187' title='bbox 1173 3860 1302 3925; x_wconf 89' lang='lat' dir='ltr'><strong>docenti</strong></span> 
     </span>
     <span class='ocr_line' id='line_1_28' title="bbox 351 3958 1304 4045; baseline -0.003 -19"><span class='ocrx_word' id='word_1_188' title='bbox 351 3961 453 4045; x_wconf 79' lang='lat' dir='ltr'><strong>legem</strong></span> <span class='ocrx_word' id='word_1_189' title='bbox 483 3963 772 4045; x_wconf 85' lang='lat' dir='ltr'><strong>loquor-Moyses</strong></span> <span class='ocrx_word' id='word_1_190' title='bbox 795 3981 815 4023; x_wconf 89' lang='lat' dir='ltr'><strong>a</strong></span> <span class='ocrx_word' id='word_1_191' title='bbox 837 3958 980 4023; x_wconf 89' lang='lat' dir='ltr'><strong>fidelium</strong></span> <span class='ocrx_word' id='word_1_192' title='bbox 1003 3971 1090 4022; x_wconf 85' lang='lat' dir='ltr'><strong>coetu</strong></span> <span class='ocrx_word' id='word_1_193' title='bbox 1113 3960 1304 4023; x_wconf 85' lang='lat' dir='ltr'><strong>Dathanitas</strong></span> 
     </span>
     <span class='ocr_line' id='line_1_29' title="bbox 350 4058 1305 4148; baseline -0.001 -23"><span class='ocrx_word' id='word_1_194' title='bbox 350 4074 382 4126; x_wconf 92' lang='lat' dir='ltr'><strong>et</strong></span> <span class='ocrx_word' id='word_1_195' title='bbox 411 4064 603 4147; x_wconf 84' lang='lat' dir='ltr'><strong>Abyronitas</strong></span> <span class='ocrx_word' id='word_1_196' title='bbox 632 4063 767 4148; x_wconf 89' lang='lat' dir='ltr'><strong>ejiciens</strong></span> <span class='ocrx_word' id='word_1_197' title='bbox 796 4062 859 4124; x_wconf 84' lang='lat' dir='ltr'><strong>ait:</strong></span> <span class='ocrx_word' id='word_1_198' title='bbox 898 4061 1051 4123; x_wconf 79' lang='lat' dir='ltr'><strong>Recedite</strong></span> <span class='ocrx_word' id='word_1_199' title='bbox 1081 4058 1305 4124; x_wconf 70' lang='lat' dir='ltr'><strong>tabernaculis</strong></span> 
     </span>
     <span class='ocr_line' id='line_1_30' title="bbox 351 4162 1305 4246; baseline -0.002 -18"><span class='ocrx_word' id='word_1_200' title='bbox 351 4168 517 4228; x_wconf 76' lang='lat' dir='ltr'><strong>hominum</strong></span> <span class='ocrx_word' id='word_1_201' title='bbox 543 4168 730 4246; x_wconf 80' lang='lat' dir='ltr'><strong>impiorum,</strong></span> <span class='ocrx_word' id='word_1_202' title='bbox 750 4171 783 4225; x_wconf 86' lang='lat' dir='ltr'><strong>ct</strong></span> <span class='ocrx_word' id='word_1_203' title='bbox 810 4162 911 4224; x_wconf 75' lang='lat' dir='ltr'><strong>nolite</strong></span> <span class='ocrx_word' id='word_1_204' title='bbox 933 4169 1066 4241; x_wconf 70' lang='lat' dir='ltr'><strong>inopere</strong></span> <span class='ocrx_word' id='word_1_205' title='bbox 1091 4182 1162 4246; x_wconf 77' lang='lat' dir='ltr'><strong>que</strong></span> <span class='ocrx_word' id='word_1_206' title='bbox 1187 4164 1234 4225; x_wconf 84' lang='lat' dir='ltr'><strong>ad</strong></span> <span class='ocrx_word' id='word_1_207' title='bbox 1253 4184 1305 4226; x_wconf 86' lang='lat' dir='ltr'><strong>eos</strong></span> 
     </span>
     <span class='ocr_line' id='line_1_31' title="bbox 348 4263 1303 4346; baseline -0.001 -17"><span class='ocrx_word' id='word_1_208' title='bbox 348 4269 580 4346; x_wconf 60' lang='lat' dir='ltr'><strong>pertinentiae</strong></span> <span class='ocrx_word' id='word_1_209' title='bbox 591 4263 1131 4344; x_wconf 75' lang='lat' dir='ltr'><strong>insolmnsiniinpeccaliseorum.</strong></span> <span class='ocrx_word' id='word_1_210' title='bbox 1166 4263 1231 4327; x_wconf 88' lang='lat' dir='ltr'><strong>Sed</strong></span> <span class='ocrx_word' id='word_1_211' title='bbox 1242 4284 1303 4328; x_wconf 93' lang='lat' dir='ltr'><strong>nec</strong></span> 
     </span>
     <span class='ocr_line' id='line_1_32' title="bbox 356 4363 1305 4448; baseline 0 -19"><span class='ocrx_word' id='word_1_212' title='bbox 356 4366 532 4431; x_wconf 85' lang='lat' dir='ltr'><strong>sacrificiis·</strong></span> <span class='ocrx_word' id='word_1_213' title='bbox 551 4367 663 4430; x_wconf 88' lang='lat' dir='ltr'><strong>talium</strong></span> <span class='ocrx_word' id='word_1_214' title='bbox 694 4367 790 4448; x_wconf 87' lang='lat' dir='ltr'><strong>culpa</strong></span> <span class='ocrx_word' id='word_1_215' title='bbox 814 4363 997 4427; x_wconf 87' lang='lat' dir='ltr'><strong>redimitur:</strong></span> <span class='ocrx_word' id='word_1_216' title='bbox 1036 4363 1123 4447; x_wconf 91' lang='lat' dir='ltr'><strong>quod</strong></span> <span class='ocrx_word' id='word_1_217' title='bbox 1149 4374 1238 4447; x_wconf 87' lang='lat' dir='ltr'><strong>patet</strong></span> <span class='ocrx_word' id='word_1_218' title='bbox 1262 4386 1305 4429; x_wconf 84' lang='lat' dir='ltr'><strong>ex</strong></span> 
     </span>
     <span class='ocr_line' id='line_1_33' title="bbox 353 4463 1305 4549; baseline 0 -18"><span class='ocrx_word' id='word_1_219' title='bbox 353 4488 392 4531; x_wconf 91' lang='lat' dir='ltr'><strong>eo</strong></span> <span class='ocrx_word' id='word_1_220' title='bbox 413 4467 555 4549; x_wconf 90' lang='lat' dir='ltr'><strong>capitulo</strong></span> <span class='ocrx_word' id='word_1_221' title='bbox 576 4469 657 4548; x_wconf 78' lang='lat' dir='ltr'><strong>legis</strong></span> <span class='ocrx_word' id='word_1_222' title='bbox 681 4466 735 4530; x_wconf 87' lang='lat' dir='ltr'><strong>ubi</strong></span> <span class='ocrx_word' id='word_1_223' title='bbox 759 4466 866 4530; x_wconf 89' lang='lat' dir='ltr'><strong>Chore</strong></span> <span class='ocrx_word' id='word_1_224' title='bbox 889 4463 1077 4528; x_wconf 87' lang='lat' dir='ltr'><strong>thurificans</strong></span> <span class='ocrx_word' id='word_1_225' title='bbox 1099 4464 1199 4528; x_wconf 87' lang='lat' dir='ltr'><strong>divini</strong></span> <span class='ocrx_word' id='word_1_226' title='bbox 1220 4468 1305 4548; x_wconf 82' lang='lat' dir='ltr'><strong>ignis</strong></span> 
     </span>
     <span class='ocr_line' id='line_1_34' title="bbox 349 4566 1301 4649; baseline 0.001 -18"><span class='ocrx_word' id='word_1_227' title='bbox 349 4569 500 4632; x_wconf 89' lang='lat' dir='ltr'><strong>incendio</strong></span> <span class='ocrx_word' id='word_1_228' title='bbox 516 4579 662 4632; x_wconf 84' lang='lat' dir='ltr'><strong>vastatur.</strong></span> <span class='ocrx_word' id='word_1_229' title='bbox 701 4567 861 4631; x_wconf 87' lang='lat' dir='ltr'><strong>Caeterum</strong></span> <span class='ocrx_word' id='word_1_230' title='bbox 876 4566 1012 4629; x_wconf 86' lang='lat' dir='ltr'><strong>societas</strong></span> <span class='ocrx_word' id='word_1_231' title='bbox 1028 4567 1203 4649; x_wconf 88' lang='lat' dir='ltr'><strong>corporalis</strong></span> <span class='ocrx_word' id='word_1_232' title='bbox 1218 4569 1301 4632; x_wconf 90' lang='lat' dir='ltr'><strong>salu-</strong></span> 
     </span>
     <span class='ocr_line' id='line_1_35' title="bbox 353 4664 1304 4751; baseline 0.001 -19"><span class='ocrx_word' id='word_1_233' title='bbox 353 4669 394 4732; x_wconf 89' lang='lat' dir='ltr'><strong>tis</strong></span> <span class='ocrx_word' id='word_1_234' title='bbox 415 4666 618 4751; x_wconf 90' lang='lat' dir='ltr'><strong>dispendium</strong></span> <span class='ocrx_word' id='word_1_235' title='bbox 632 4687 700 4729; x_wconf 91' lang='lat' dir='ltr'><strong>non</strong></span> <span class='ocrx_word' id='word_1_236' title='bbox 714 4664 830 4746; x_wconf 80' lang='lat' dir='ltr'><strong>ingerit</strong></span> <span class='ocrx_word' id='word_1_237' title='bbox 843 4664 916 4741; x_wconf 89' lang='lat' dir='ltr'><strong>illis,</strong></span> <span class='ocrx_word' id='word_1_238' title='bbox 932 4665 987 4746; x_wconf 91' lang='lat' dir='ltr'><strong>qui</strong></span> <span class='ocrx_word' id='word_1_239' title='bbox 1009 4665 1049 4727; x_wconf 87' lang='lat' dir='ltr'><strong>ab</strong></span> <span class='ocrx_word' id='word_1_240' title='bbox 1065 4664 1173 4747; x_wconf 90' lang='lat' dir='ltr'><strong>impiis</strong></span> <span class='ocrx_word' id='word_1_241' title='bbox 1186 4667 1304 4750; x_wconf 89' lang='lat' dir='ltr'><strong>pietate</strong></span> 
     </span>
     <span class='ocr_line' id='line_1_36' title="bbox 353 4765 1307 4847; baseline 0.001 -14"><span class='ocrx_word' id='word_1_242' title='bbox 353 4770 556 4844; x_wconf 84' lang='lat' dir='ltr'><strong>dissentiunt,</strong></span> <span class='ocrx_word' id='word_1_243' title='bbox 572 4779 605 4832; x_wconf 90' lang='lat' dir='ltr'><strong>et</strong></span> <span class='ocrx_word' id='word_1_244' title='bbox 627 4787 747 4832; x_wconf 84' lang='lat' dir='ltr'><strong>errores</strong></span> <span class='ocrx_word' id='word_1_245' title='bbox 769 4766 915 4844; x_wconf 87' lang='lat' dir='ltr'><strong>aliorum,</strong></span> <span class='ocrx_word' id='word_1_246' title='bbox 929 4776 994 4828; x_wconf 91' lang='lat' dir='ltr'><strong>tam</strong></span> <span class='ocrx_word' id='word_1_247' title='bbox 1017 4786 1148 4847; x_wconf 88' lang='lat' dir='ltr'><strong>operum</strong></span> <span class='ocrx_word' id='word_1_248' title='bbox 1171 4765 1307 4833; x_wconf 90' lang='lat' dir='ltr'><strong>dissimi-</strong></span> 
     </span>
    </p>
   </div>
   <div class='ocr_carea' id='block_1_3' title="bbox 0 0 1664 6434">
    <p class='ocr_par' dir='ltr' id='par_1_4' title="bbox 0 0 1664 6434">
     <span class='ocr_line' id='line_1_37' title="bbox 0 0 1664 6434; baseline 0 0"><span class='ocrx_word' id='word_1_249' title='bbox 0 0 1664 6434; x_wconf 95' lang='lat' dir='ltr'><strong> </strong></span> 
     </span>
    </p>
   </div>
  </div>
 </body>
</html>
