3300 6434
489 1216 551 1275 226
749 1227 886 1274 scaurus
902 1224 1179 1272 saarsnnnrnnsrs
1354 1209 1399 1290 [r.
1418 1228 1451 1273 n.

491 1393 568 1445 tunc
608 1391 779 1465 praeseutes
812 1391 926 1463 postea
963 1382 1144 1460 retulerunt,
1171 1382 1356 1444 lacrimatus
1385 1393 1447 1456 est,

490 1482 603 1546 dicens
618 1481 706 1565 quod
721 1482 806 1545 idem
819 1480 1070 1560 Cantuariensis,
1080 1482 1110 1545 ei
1126 1502 1244 1566 corpus
1259 1491 1292 1544 et
1305 1481 1447 1543 animam

489 1584 606 1667 pariter
620 1583 773 1648 auferret:
797 1581 926 1646 tandem
943 1581 1027 1646 dixit
1041 1583 1129 1668 quod
1145 1604 1255 1647 omnes
1266 1581 1448 1665 proditores

488 1696 588 1762 erant,
604 1685 659 1769 qui
678 1707 749 1748 eum
766 1685 912 1748 adbibita
927 1707 1025 1769 opera
1043 1698 1075 1749 et
1097 1686 1261 1768 diligentia
1283 1685 1325 1748 ab
1347 1684 1446 1746 nnius

486 1785 626 1848 hominis
653 1785 858 1848 infestatione
888 1786 1042 1849 nolebant
1073 1785 1237 1869 expedire.
1289 1784 1341 1850 Ad
1370 1779 1443 1848 haec

487 1884 637 1948 dominus
647 1885 918 1965 Rothomagensis
931 1886 1164 1968 aliquantulum
1176 1885 1359 1963 excanduit,
1372 1905 1443 1947 cor·

483 1986 606 2071 ripiens
618 2008 701 2064 eum,
712 1986 820 2050 mitius
835 1997 942 2050 tamen
956 2008 1042 2052 more
1055 2009 1112 2051 suo
1125 1988 1159 2050 in
1169 1989 1281 2071 spiritu
1291 1986 1444 2063 lenitatis,

484 2110 582 2173 quum
599 2110 696 2153 causa
718 2087 782 2151 Dei
797 2089 900 2171 magis
920 2089 1074 2170 exigeret,
1090 2090 1286 2153 severitatem
1310 2099 1342 2151 et
1364 2108 1443 2151 auc·

482 2192 639 2255 toritatem
671 2190 836 2274 pontificis
866 2192 977 2253 morbo
1007 2190 1201 2272 languentis,
1230 2189 1374 2263 rationis,
1390 2200 1439 2252 ‘et

482 2291 558 2357 fidei
582 2293 680 2357 fnisse
703 2292 893 2356 adhibitam.
937 2291 1018 2357 Erat
1043 2304 1148 2356 antem
1173 2292 1264 2355 dolor
1285 2291 1439 2366 acerbior,

479 2407 611 2475 urgente
626 2406 724 2472 metu,
739 2415 834 2479 quem
851 2405 1044 2477 conceperat
1058 2415 1098 2458 ex
1120 2394 1232 2457 litteris
1254 2415 1333 2477 quas
1349 2392 1435 2476 jam·

480 2495 586 2558 dictus
611 2496 853 2560 Cantuariensis
878 2496 928 2559 illi
950 2507 981 2560 et
1003 2497 1095 2560 matri
1118 2517 1183 2559 suae
1209 2496 1434 2559 transmiserat.

477 2595 598 2657 Earum
629 2595 813 2677 exemplum
844 2595 935 2657 vobis
965 2595 1197 2658 transmittitur.
1245 2594 1434 2657 Timebatur

478 2695 618 2779 quidem,
634 2707 666 2759 et
681 2692 794 2759 merito
808 2718 816 2755 ι
846 2716 887 2757 ne
901 2696 934 2757 in
950 2706 1064 2760 terram
1080 2697 1150 2780 ejus
1165 2695 1336 2771 interdicti,
1350 2707 1382 2758 et
1396 2697 1432 2757 in

476 2818 647 2881 personam
663 2795 876 2859 anathematis
891 2796 1049 2860 sententia
1068 2797 1220 2861 citissime
1235 2798 1374 2873 serretur,
1388 2818 1431 2859 ex

475 2898 661 2962 auctoritate
694 2911 727 2961 et
761 2896 912 2961 mandato
942 2899 1058 2961 summi
1090 2898 1265 2981 pontificis.
1323 2899 1430 2970 Quum

473 2999 570 3081 igitur
584 3000 633 3064 his
648 2999 804 3081 angustiis
825 3012 1052 3082 premerentur,
1068 3000 1280 3064 Lexoviensis
1302 3001 1427 3084 episco-

472 3122 536 3184 pus
554 3102 683 3165 unicum
709 3101 792 3165 dixit
817 3122 887 3165 esse
911 3101 1098 3178 remedium,
1114 3103 1332 3165 imminentem
1355 3124 1427 3165 sen·

472 3202 603 3265 tentiam
634 3202 860 3285 appellationis
890 3204 1057 3266 obstaculo
1087 3203 1282 3288 propedire:
1323 3216 1355 3267 et
1382 3206 1428 3267 ita

471 3303 582 3367 nescio
611 3326 674 3389 quo
700 3315 807 3387 pacto,
834 3303 896 3366 nisi
927 3305 1002 3388 quia
1027 3305 1144 3370 veritas
1173 3306 1325 3370 ventilata
1352 3308 1425 3390 plus

470 3406 581 3487 pollet,
592 3416 625 3471 et
634 3406 769 3492 justitia,
781 3425 846 3489 quo
861 3403 964 3486 magis
979 3406 1169 3483 concutitur,
1180 3428 1219 3470 eo
1234 3408 1336 3488 magis
1348 3427 1424 3470 con·

471 3510 613 3587 valescit,
628 3511 705 3574 dum
727 3530 784 3572 rex
806 3528 864 3591 per
886 3508 986 3571 avitas
1009 3509 1260 3573 consuetudines
1281 3510 1423 3593 appella-

469 3608 592 3673 tionum
607 3612 663 3693 jus
683 3631 836 3675 evacuare
857 3619 1001 3689 conatur,
1021 3610 1123 3692 magis
1145 3611 1323 3685 confirmat,
1346 3610 1422 3674 dnm

467 3706 605 3788 ipsemet
619 3732 677 3793 pro
692 3713 799 3794 capite
814 3732 873 3773 suo
889 3706 931 3773 ad
951 3711 1137 3794 appellandi
1159 3713 1317 3796 refugium
1333 3712 1420 3793 cogi·

468 3818 518 3869 tur
532 3811 666 3872 evolare.

511 3910 566 3972 Ab
589 3910 645 3973 illo
661 3931 736 3990 ergo
753 3912 894 3975 concilio
911 3913 1028 3994 egressi
1053 3922 1127 3975 sunt
1150 3934 1170 3974 a
1191 3913 1273 3976 facie
1298 3912 1419 3976 domini

467 4023 499 4074 et
523 4012 608 4092 regis
634 4010 684 4074 sui
710 4011 920 4075 Lexoviensis
945 4024 978 4076 et
1003 4012 1167 4093 Sagiensis
1191 4014 1350 4095 episcopi,
1376 4013 1418 4076 ad

465 4114 675 4197 saepedictum
695 4114 959 4178 Cantuariensem
983 4125 1203 4197 properantes,
1217 4122 1253 4176 ut
1276 4114 1417 4195 appella·

462 4215 550 4278 tione
574 4215 764 4298 interposita
778 4235 879 4297 usque
903 4214 945 4278 ad
960 4215 1098 4279 Octavus
1125 4214 1255 4278 Paschae
1281 4234 1414 4297 suspen·

464 4316 576 4381 derant
591 4319 778 4381 sententiam
796 4318 873 4401 ejus.
913 4317 1183 4402 Rothomagensis
1198 4336 1326 4403 quoque
1342 4339 1414 4381 cum

462 4420 508 4481 eis
523 4421 683 4504 profectus
699 4429 758 4491 est,
777 4440 841 4481 non
857 4420 988 4502 quidem
1004 4423 1230 4506 appellaturus,
1242 4433 1277 4484 ut
1292 4421 1347 4498 ait,
1358 4420 1414 4483 sed

461 4521 501 4586 de
527 4545 608 4607 pace
637 4544 730 4606 quam
757 4517 960 4586 desiderabat
989 4534 1189 4588 tractaturus.
1234 4523 1414 4607 Archiepis·

459 4644 560 4704 copus
587 4645 660 4685 raro
686 4632 794 4686 noster
818 4623 852 4685 in
882 4624 1052 4706 procinctu
1078 4623 1217 4688 serendae
1247 4624 1411 4688 sententiar

458 4724 659 4795 constitutus,
690 4724 749 4785 iter
778 4724 952 4804 arripuerat
981 4723 1022 4786 ad
1050 4726 1162 4788 urbem
1193 4724 1411 4799 Suessionum,

455 4822 750 4886 orationiscausaut
759 4824 1102 4909 beataeVirgini‚cujus
1112 4825 1156 4888 ibi
1165 4824 1407 4890 memoriacele·
