3300 6434
360 1265 469 1345 neu]
745 1284 926 1331 urrsrourr.
1251 1275 1313 1333 27⁷

351 1435 558 1499 conscientias
582 1436 801 1514 fundamento,
825 1448 858 1500 et
881 1437 978 1498 homo
1004 1435 1217 1518 proculdubio
1240 1460 1307 1502 uon

350 1535 546 1613 praevalebit,
556 1557 618 1600 nec
635 1536 744 1599 timere
760 1515 886 1619 dportet
900 1536 950 1599 rel
965 1545 1176 1618 tyrannorum
1192 1539 1312 1631 minas,

350 1643 407 1696 ant
429 1634 608 1698 tendiculas
632 1636 803 1699 carnaliter
825 1636 1018 1719 sapientum,
1033 1648 1089 1699 aut
1110 1636 1307 1719 proditorum

348 1733 528 1817 perfidiam,
543 1748 598 1800 aut
612 1738 908 1819 pusillanimitatem
925 1737 1057 1820 judicis,
1073 1749 1128 1801 aut
1142 1739 1305 1803 avaritiam

349 1842 382 1897 et
395 1836 643 1901 inconstantiam
656 1859 776 1912 eorum,
789 1838 845 1920 qui
862 1848 1008 1921 quaerunt
1021 1838 1055 1901 in
1067 1840 1217 1903 omnibus
1232 1862 1304 1924 qum

348 1956 408 1998 sua
432 1946 517 2010 sunt,
545 1939 658 2014 carnis,
683 1959 747 2001 non
775 1960 849 2022 quae
873 1939 952 2001 Jesu
980 1939 1109 2002 Christi.
1156 1941 1241 2002 Nam
1268 1956 1304 2005 ut

349 2036 533 2102 fidelissime
553 2040 717 2125 Scriptura
740 2039 845 2120 docet,
861 2042 964 2103 turris
975 2041 1165 2121 fortissima
1187 2052 1303 2105 nomen

349 2142 497 2214 Domini,
508 2143 554 2204 ud
567 2143 796 2225 ipsumjustres
810 2143 969 2224 consopit,
981 2150 1013 2203 et
1029 2142 1069 2203 de
1083 2144 1172 2204 omni
1186 2164 1305 2223 enpur-

350 2242 399 2302 tiu
419 2240 590 2305 liberatur.
634 2242 719 2313 Quia
741 2262 818 2323 ergo
842 2240 1008 2324 parvitatis
1032 2261 1112 2303 meae
1135 2242 1304 2306 consilium

348 2341 501 2424 quaeritis,
520 2343 652 2407 consulo
675 2363 773 2420 nunc,
795 2341 883 2425 quod
905 2362 1041 2424 semper,
1064 2352 1099 2404 ut
1122 2363 1248 2407 omnem
1272 2355 1305 2407 et

350 2452 448 2505 totam
465 2464 556 2526 spem
577 2452 718 2505 nostram
740 2442 947 2526 projiciamus
969 2442 1003 2503 in
1018 2455 1102 2519 eum',
1118 2443 1174 2526 qui
1196 2465 1304 2508 eruere

349 2563 410 2605 nos
438 2554 546 2626 potest
575 2564 595 2606 a
624 2543 896 2621 tribulationibus,
926 2563 998 2625 quar
1029 2543 1218 2607 invenerunt
1247 2557 1305 2609 nos

350 2642 455 2705 nimis.
500 2643 596 2714 Quod
619 2635 655 2707 dt
672 2642 761 2727 juste
785 2653 818 2706 et
841 2642 1087 2706 misericorditer
1105 2644 1189 2720 velit,
1204 2665 1304 2727 pona·

351 2763 432 2821 mus,
439 2756 589 2808 monente
603 2748 735 2827 Aggere,
747 2745 847 2809 corda
857 2758 977 2822 nostra,
988 2765 1083 2827 snper
1092 2745 1159 2807 vias
1171 2755 1305 2824 nostras,

348 2856 383 2907 et
406 2845 561 2909 facientes
587 2844 783 2930 poenitentiae
806 2844 921 2927 dignos
946 2847 1066 2909 fructus
1091 2847 1305 2931 suscipiamus

349 2945 500 3027 poculum
523 2946 620 3031 hujus
636 2945 805 3010 salutiferae
831 2946 1053 3009 amaritudinis
1074 2949 1109 3009 in
1130 2948 1241 3012 laetitia
1265 2949 1305 3013 de

350 3065 447 3108 mauu
470 3046 615 3120 Domini,
639 3046 732 3130 cujus
758 3047 943 3110 muneribus
966 3049 1135 3110 abutentes
1157 3049 1307 3131 pestifera

349 3142 521 3208 dulcedine
540 3166 776 3229 prosperorum,
790 3147 823 3209 in
848 3145 1027 3229 perniciem
1042 3155 1184 3209 nostram
1211 3148 1305 3211 toties

348 3244 516 3308 exhilarati
541 3267 662 3310 sumus.
708 3248 791 3309 Haee
816 3255 866 3309 est
892 3245 978 3308 enim
1004 3247 1106 3327 gratia
1127 3247 1226 3321 illius,
1250 3250 1305 3331 qui

348 3345 394 3409 ita
415 3346 504 3409 norit
526 3348 620 3410 beare
644 3346 766 3410 amicos
788 3367 876 3423 suos,
897 3358 932 3409 ut
955 3368 1012 3429 per
1035 3347 1152 3410 multas
1176 3348 1306 3410 tribula·

349 3447 452 3511 tiones
467 3447 667 3511 examinatos
682 3447 881 3530 purgatiores
892 3457 924 3509 et
936 3446 1085 3508 clariores
1098 3459 1130 3508 et
1141 3444 1306 3511 solidiores

347 3547 529 3611 introducat
555 3546 595 3610 ad
618 3568 761 3628 regnum.
811 3546 965 3608 Omnium
987 3558 1166 3629 temporum
1189 3548 1304 3611 seriem

348 3668 581 3730 percurramus,
607 3667 700 3730 quern
727 3647 768 3709 ab
797 3645 889 3708 initio
918 3645 1097 3717 invenimus
1127 3648 1301 3714 electorum

349 3747 391 3810 de
428 3747 554 3810 deliciis
587 3748 740 3829 migrasse
775 3746 817 3809 ad
856 3744 1000 3823 delicias,
1036 3768 1130 3829 quem
1168 3750 1304 3831 legimus

348 3848 401 3911 hic
439 3849 584 3912 floruisse
615 3860 648 3911 et
678 3844 838 3911 exultasse
874 3868 949 3910 cum
987 3846 1119 3926 mundo,
1148 3861 1180 3913 et
1216 3873 1302 3917 nuuc

348 3950 382 4011 in
403 3951 548 4013 ubertate
563 3950 723 4013 fructuum
738 3949 840 4012 letari
863 3957 895 4011 et
916 3969 1047 4030 regnare
1063 3969 1136 4012 cnm
1153 3951 1302 4018 Christo:

348 4060 456 4114 mente
471 4062 576 4114 autem
596 4051 652 4115 sic
667 4052 852 4114 exulcerata
873 4050 908 4112 in
930 4071 964 4113 se
986 4071 1044 4132 per
1065 4052 1300 4133 poeniteutiam,

347 4174 404 4235 per
426 4152 612 4236 patientiam
636 4154 794 4228 roborata,
820 4162 853 4215 et
877 4152 1033 4232 mitigata,
1058 4163 1090 4214 et
1116 4162 1222 4216 erecta
1245 4177 1303 4237 per

347 4274 448 4335 spem,
474 4265 506 4315 et
535 4265 655 4318 sanetae
682 4252 935 4317 conversationis
964 4251 1168 4315 testimonia?
1209 4255 1301 4319 Nihil

347 4354 527 4416 consultius
562 4354 708 4429 arbitror,
741 4352 917 4415 secundum
954 4373 993 4414 ea
1029 4374 1102 4436 quae
1137 4356 1302 4437 proposita

347 4465 431 4534 sunt,
458 4476 554 4538 quam
581 4467 626 4533 ut,
650 4455 814 4539 sequendo
842 4455 1011 4519 consilium
1038 4456 1178 4535 Nicolai,
1203 4480 1299 4541 quem

346 4557 481 4619 Domini
506 4556 659 4639 Spiritum
686 4558 803 4621 habere
828 4556 969 4635 conlido,
994 4558 1138 4620 scribatis
1164 4558 1299 4643 impera·

345 4654 428 4730 uici,
444 4668 476 4719 et
497 4656 754 4740 archiepiscopo,
771 4669 803 4721 et
824 4658 987 4741 episcopis
1009 4656 1228 4739 Normanniae,
1242 4683 1300 4725 ros

344 4781 471 4843 semper
485 4760 581 4824 fuisse
596 4772 629 4823 et
644 4782 715 4824 esse
729 4773 860 4844 paratos
874 4763 1095 4845 obtemperare
1104 4761 1170 4847 juri
1185 4787 1299 4831 secun-

342 4858 419 4925 dum
436 4881 600 4924 censuram
618 4882 787 4938 canonum,
803 4873 835 4925 et
849 4861 952 4925 redire
968 4862 1010 4926 ad
1026 4861 1134 4928 sedem
1150 4879 1299 4948 vestram,
