3300 6434
341 1240 384 1298 90
599 1250 736 1295 ruamus
753 1248 1030 1293 sarasar-:mansis
1201 1232 1247 1312 [s.
1264 1250 1296 1294 n.

341 1402 400 1487 qui
423 1401 455 1463 in
478 1400 656 1464 fornicarias
678 1398 814 1462 abusum
838 1397 978 1460 ecclesiae
1001 1399 1084 1461 bona
1104 1398 1298 1482 dilapidans,

342 1501 512 1566 sanctuarii
546 1500 719 1565 contemnit
753 1520 874 1576 curam,
904 1499 1065 1583 caliceque
1096 1499 1230 1563 inhabili
1264 1513 1298 1564 et

340 1604 451 1688 inepto
479 1601 706 1687 redemptionis
742 1613 869 1677 nostrae,
899 1598 1029 1682 indigne
1059 1613 1092 1663 et
1121 1599 1299 1685 periculose

342 1703 492 1768 tractavit
508 1702 663 1788 pretium:
683 1702 743 1764 hoc
758 1700 973 1787 praecipimus,
991 1716 1025 1765 ut
1041 1724 1114 1764 eum
1131 1700 1297 1765 severitate

341 1805 491 1868 canonica
524 1801 686 1888 corripias,
718 1818 754 1866 ut
791 1805 823 1865 in
863 1824 956 1887 poena
991 1803 1086 1866 unius
1122 1803 1295 1866 multorum

342 1905 544 1990 corrigantur
572 1926 703 1967 errores.
763 1903 811 1966 Sit
841 1903 951 1988 itaque
981 1903 1205 1968 sollicitudinis
1232 1917 1298 1967 tuae

342 2006 496 2070 attentius
517 2004 694 2091 providere,
708 2016 745 2067 ut
765 2004 797 2066 in
818 2005 965 2069 omnibus
985 2004 1124 2068 ecclesiis
1139 2004 1196 2068 tibi
1211 2026 1298 2066 ‹mm-

342 2106 455 2179 missis,
482 2128 542 2191 pro
567 2104 777 2169 lactrltatibus
802 2126 911 2166 earum
936 2125 998 2166 non
1030 2103 1125 2166 modo
1154 2107 1297 2187 argentei

343 2196 456 2272 c'alices
478 2208 707 2285 instaurentur,
730 2205 784 2269 sed
801 2203 1001 2282 vestimenta,
1023 2219 1054 2268 et
1078 2205 1184 2268 omnia
1206 2219 1298 2269 uten·

343 2308 413 2373 silia
435 2313 515 2372 sacri
538 2308 704 2371 ministerii
728 2308 772 2371 sic
794 2320 994 2392 reparentur,
1018 2322 1054 2372 ut
1078 2307 1174 2372 modo
1200 2308 1298 2393 possit

343 2408 475 2471 honeste
502 2408 640 2472 Domino
668 2408 847 2472 ministrari.
905 2410 943 2470 ln
974 2407 1034 2471 hac
1060 2422 1167 2472 autem
1195 2422 1297 2493 parte,

343 2531 408 2573 non
425 2509 596 2584 monachis,
612 2531 673 2571 non
696 2509 864 2588 canonicis,
878 2532 941 2572 non
965 2509 1059 2573 alicui
1079 2511 1208 2574 omnino
1227 2532 1299 2595 per·

344 2633 430 2675 snnae
459 2632 581 2695 parcas,
612 2611 690 2695 quin
722 2609 861 2674 Domino
890 2609 931 2673 de
956 2611 1047 2675 bonis
1076 2612 1141 2675 suis
1170 2611 1299 2674 honoris

344 2708 493 2795 primitiae
502 2710 770 2795 persolvantur,et
780 2709 872 2794 plane
883 2711 1021 2796 quisque
1031 2710 1295 2775 sicutDominum

344 2813 465 2898 diligit,
488 2826 519 2878 et
543 2814 679 2878 animam
705 2836 806 2891 suam,
831 2816 874 2878 sic
896 2816 1095 2879 commissam
1118 2815 1177 2879 sibi
1201 2815 1299 2877 hono·

344 2914 429 2978 rabit
453 2914 623 2980 ecclesiam.
676 2914 908 2980 Lincolniensis
930 2938 1004 2978 rero
1030 2916 1185 2989 sacerdos,
1212 2916 1237 2978 si
1264 2912 1295 2976 in

341 3011 466 3097 judicio
494 3013 609 3098 culpae,
638 3035 712 3098 quae
741 3014 774 3077 in
807 3035 882 3076 eum
911 3014 1114 3100 impingitur,
1140 3014 1298 3080 obnoxius

346 3112 542 3198 apparuerit,
557 3126 588 3177 et
611 3113 699 3199 quod
719 3112 775 3178 illa
795 3137 870 3198 quae
891 3114 920 3177 ei
942 3129 1121 3200 pepererat,
1137 3115 1203 3178 sine
1225 3137 1298 3178 con·

345 3214 490 3279 fessionis
514 3225 570 3278 aut
594 3213 823 3278 communionis
851 3215 1093 3300 participatione
1118 3213 1298 3289 decesserit,

346 3328 378 3379 et
407 3312 533 3386 deinde,
559 3327 596 3376 ut
626 3312 841 3378 Christianam
871 3314 1002 3378 haberet
1032 3313 1241 3399 sepulturam,
1265 3314 1296 3377 in

345 3413 480 3478 ecclesia
494 3411 605 3477 fecerit
626 3410 799 3498 purificari,
814 3427 878 3477 tam
902 3414 959 3479 diu
982 3413 1156 3478 secuudum
1180 3427 1301 3478 statuta

345 3529 474 3602 patrum
500 3513 623 3580 ordinis
650 3514 699 3578 sui
723 3514 998 3580 administratione
1027 3515 1171 3601 privetur
1200 3515 1300 3579 donec

349 3617 453 3703 ipsum
476 3616 635 3703 condigna
656 3615 855 3704 poenitentia,
875 3631 1033 3703 quantum
1055 3618 1097 3682 ad
1122 3621 1299 3682 humanum

348 3733 468 3804 spectat
496 3742 642 3795 examen,
669 3731 791 3782 constet
818 3720 941 3782 veniam
970 3720 1130 3785 meruisse.
1175 3720 1238 3786 Sed
1268 3733 1300 3782 et

347 3818 530 3905 capellanus
541 3821 611 3904 ejus
625 3819 727 3883 eidem
744 3842 848 3905 poenoe
863 3821 1037 3905 subjaceat,
1050 3823 1110 3886 nisi
1124 3846 1214 3886 suam
1229 3844 1302 3886 con-

346 3920 446 4006 digne
462 3919 563 3984 valeat
584 3920 793 3985 innocentiam
816 3921 989 3987 declarare.
1035 3925 1162 4008 quue,
1180 3928 1207 3988 si
1226 3943 1301 4009 pur-

348 4024 436 4106 gatio
461 4020 643 4105 prestanda
668 4036 727 4095 est,
752 4024 855 4106 magis
882 4022 1011 4086 videtur
1033 4023 1084 4086 hic
1110 4024 1301 4102 onerandus,

348 4144 415 4207 qno
429 4124 535 4186 minus
550 4124 666 4186 meruit
682 4123 798 4188 habere
819 4124 904 4198 fidei,
918 4122 998 4186 dum
1021 4124 1209 4186 confessioni
1226 4145 1300 4205 pro·

346 4226 428 4310 priae
440 4226 527 4288 visus
542 4238 587 4288 cst
600 4226 758 4288 reluctari.
792 4229 837 4290 Et
848 4226 976 4311 quidem
989 4227 1059 4312 ejus
1073 4239 1120 4290 est
1138 4238 1300 4286 mortuum

350 4326 471 4390 solvere
494 4341 526 4391 et
548 4327 647 4410 ligare
670 4327 727 4412 qui
751 4328 836 4390 solus
852 4341 956 4414 potest
979 4342 1122 4392 mortuos
1137 4326 1300 4397 suscitare,

349 4443 381 4492 et
404 4429 460 4512 qui
484 4428 651 4513 potestatis
670 4428 769 4513 liujus
791 4428 957 4493 arbitrium
982 4428 1145 4514 discipulis
1167 4426 1303 4491 contulit

350 4551 445 4614 super
469 4544 596 4604 terram,
613 4529 694 4592 hanc
716 4529 843 4616 speciali
866 4531 1034 4615 privilegio
1054 4530 1171 4593 divinoe
1192 4529 1304 4612 majes-

352 4631 428 4694 tatis
441 4630 474 4693 in
490 4630 579 4693 coelis
599 4630 732 4693 retinnit
754 4629 954 4714 dignitatem.
1000 4633 1174 4703 Caeterum,
1189 4630 1304 4693 dilecte

351 4728 382 4789 in
398 4731 535 4794 Domino
546 4730 603 4808 fili,
613 4754 649 4793 ea
664 4730 797 4794 cautelas
813 4730 979 4813 diligentia
991 4754 1113 4795 versare
1129 4731 1159 4793 in
1177 4731 1304 4805 talibus,

353 4841 390 4893 ut
406 4830 504 4893 videri
529 4854 588 4893 non
614 4832 713 4913 possis
736 4833 821 4895 sitire
846 4832 1010 4915 pecuniam
1035 4832 1302 4916 delinquentium,
