3300 6434
415 1218 475 1276 iss
673 1234 810 1279 sossius
825 1233 1104 1283 ssssssssrnnsrs
1275 1224 1319 1301 [s.
1338 1245 1369 1287 n.

463 1431 685 1497 EPISTOLA
710 1434 926 1612 cvps-in
941 1454 1171 1501 ALEXANDRUM
1187 1458 1308 1503 parsu.

792 1552 821 1595 n.
839 1551 871 1596 n.
890 1535 998 1615 ilos]

656 1683 798 1746 Domino
812 1682 914 1764 Papo
931 1683 1125 1747 Alcanndro.

451 1812 584 1876 Posssu
605 1812 790 1879 temeritatis
812 1827 845 1878 et
864 1816 1055 1899 arrogantiae
1076 1819 1181 1901 argui,
1196 1817 1254 1902 qui
1276 1842 1366 1885 aures

408 1925 529 1976 vestras
544 1915 659 1977 totiens
674 1912 801 1999 pulsare
815 1936 988 1998 praesumo,
1001 1915 1026 1978 si
1043 1915 1247 1981 timiditatem
1265 1942 1365 1984 meam

407 2012 507 2096 patris
528 2012 708 2099 benignitas
728 2037 791 2079 non
813 2014 979 2091 excitaret,
996 2028 1029 2080 et
1051 2039 1163 2081 ausum
1186 2041 1248 2082 non
1271 2044 1368 2087 excu-

405 2127 488 2180 saret
523 2114 673 2180 iraternae
705 2115 847 2180 caritatis
886 2114 1036 2181 officium.
1092 2117 1253 2184 Suadente
1288 2145 1365 2207 ergo

404 2216 532 2303 pietatis
548 2229 660 2282 vestras
675 2216 855 2297 dulcedine,
869 2229 902 2282 et
922 2232 1056 2303 urgente
1071 2224 1225 2305 pauperis
1241 2221 1364 2288 honesti

404 2329 436 2381 et
451 2314 584 2381 litterati
603 2317 800 2392 necessitate,
817 2318 992 2402 majestatis
1007 2333 1121 2383 vestrae
1145 2321 1280 2407 pedibus
1296 2337 1364 2391 toto

402 2418 509 2482 animo
524 2417 724 2504 provolutus,
741 2440 821 2503 quas
841 2418 914 2485 licet
929 2420 1105 2485 clementius
1125 2437 1239 2487 vestrae
1255 2447 1363 2510 preces

402 2518 512 2596 offero,
527 2520 680 2604 quatinus
695 2518 804 2583 latoris
818 2522 1024 2606 praesentium
1043 2545 1209 2608 personam
1225 2527 1363 2611 benigne

402 2621 562 2707 recipiatis
582 2634 614 2685 et
637 2642 776 2698 causam,
801 2625 882 2685 etei
906 2622 1054 2686 solatium
1077 2624 1153 2687 ritae
1170 2624 1359 2692 Senonensis

400 2720 628 2808 archiepiscopi
639 2720 787 2785 violentia
802 2743 865 2785 uon
888 2721 1083 2807 permittatis
1098 2724 1226 2789 suferri.
1272 2727 1360 2802 Quid

395 2819 556 2907 justitiam
587 2822 655 2906 ejus
688 2820 854 2906 impediat,
882 2820 952 2906 ipso
984 2821 1154 2902 referente,
1186 2824 1212 2887 si
1242 2824 1359 2915 placet,

400 2923 550 2988 audietis.
595 2923 755 2986 Praeterea
774 2935 952 3010 praecentor
973 2923 1174 2999 Senonensis,
1193 2939 1226 2989 et
1249 2928 1361 2991 bones-

400 3038 467 3090 tate
487 3046 623 3104 morum,
637 3036 669 3088 et
682 3025 863 3090 litterarum
886 3022 1076 3105 eruditione,
1091 3037 1122 3089 et
1139 3026 1279 3112 speciali,
1296 3051 1360 3113 qua

400 3138 504 3192 vester
523 3139 571 3190 est
590 3124 770 3202 devotione,
785 3125 818 3188 iu
842 3138 998 3210 quantum
1015 3126 1152 3211 oequitas
1167 3128 1360 3212 permiserit,

397 3227 516 3314 dignus
536 3238 583 3291 est
602 3225 757 3292 exaudiri.
795 3227 891 3290 Nunc
912 3226 954 3289 ad
974 3248 1024 3290 me
1044 3226 1149 3290 redeo.
1195 3229 1357 3315 Episcopo

398 3326 598 3403 Lexoviensi,
608 3350 708 3414 quum
718 3326 914 3392 excellentiae
927 3338 1041 3390 vestroe
1053 3327 1157 3391 visum
1167 3327 1276 3407 suerit,
1285 3353 1357 3415 gra-

398 3429 475 3494 tiam
491 3427 681 3515 rependetis,
697 3450 756 3514 pro
771 3451 809 3491 eo
829 3427 917 3512 quod
932 3427 966 3490 in
987 3448 1037 3490 me
1052 3449 1180 3491 servum
1201 3443 1355 3506 vestrum,

398 3528 585 3594 serenissimi
615 3526 736 3592 domini
765 3528 851 3613 regis
881 3539 1002 3592 tautam
1032 3530 1182 3592 conflavit
1209 3529 1356 3615 indigna·

399 3634 527 3707 tionem,
537 3641 575 3693 ut
584 3629 700 3693 morari
710 3630 742 3694 in
753 3629 957 3714 Angliamihi
967 3641 1074 3695 tutum
1087 3627 1214 3707 nonsit,
1227 3643 1258 3694 et
1270 3631 1357 3695 exire

394 3741 453 3794 aut
477 3726 670 3813 impossibile
698 3728 751 3805 sit,
774 3741 831 3792 ant
858 3728 1092 3793 difficillimum.
1137 3732 1234 3795 Senes
1256 3732 1356 3795 nostri

395 3828 568 3893 incolumes
586 3839 660 3892 sunt
683 3831 724 3891 ab
744 3827 862 3892 abbate
884 3827 1093 3914 Radingensi,
1109 3829 1182 3894 licet
1205 3854 1261 3894 vos
1281 3855 1355 3896 cum

397 3930 523 3997 'l'homa
546 3952 604 3995 suo
629 3928 884 3993 circumvenerit.
927 3929 977 3993 Ad
1001 3952 1083 4013 opus
1106 3931 1148 3996 R.
1172 3932 1272 3996 nostri
1299 3936 1354 3998 rix

393 4030 518 4121 aliquid
539 4027 811 4115 extorquebimus.
849 4028 1006 4094 Osbertus
1026 4028 1233 4094 Eboracensis
1253 4032 1355 4096 archi-

394 4132 546 4199 diaconus
564 4132 597 4194 in
619 4128 809 4216 purgatione
831 4126 958 4193 defecit.
989 4127 1143 4214 Quisquis
1165 4129 1255 4194 vobis
1278 4154 1353 4217 sug·

390 4235 521 4321 gesserit
537 4232 629 4297 aliter
643 4253 708 4295 nou
722 4228 873 4294 credatis

562 4446 802 4512 EPISTOLA
827 4445 1013 4511 CIX—su
1029 4467 1182 4512 sornam.

635 4584 774 4647 Domino
788 4584 892 4665 Papae
907 4584 1101 4647 Aleaandro.

434 4721 595 4783 Auussas
616 4717 748 4780 clericus
770 4713 812 4778 de
835 4713 992 4790 Lenham,
1008 4714 1168 4778 ecclesiam
1193 4738 1284 4781 suam
1306 4715 1349 4779 ds

390 4821 532 4886 Lenham
547 4816 740 4901 quibusdam
761 4814 1025 4879 decimationibus
1045 4815 1163 4901 injuste
1178 4816 1345 4901 spoliatam
