3300 6434
362 1208 554 1289 lton—ca]
742 1224 922 1270 smsnoaa.
1246 1218 1304 1274 177

356 1378 536 1465 plenissime
561 1376 764 1441 demandari:
796 1389 827 1439 et
855 1375 931 1461 quia
952 1376 1133 1461 religionem
1158 1400 1305 1460 vestram,

356 1495 392 1546 ut
404 1480 543 1554 dicebat,
554 1478 633 1541 falsa
645 1477 848 1562 suggestione
859 1478 1142 1558 circumvenerant,
1154 1482 1175 1544 ii
1189 1484 1220 1546 in
1233 1504 1306 1569 pro-

356 1582 482 1648 batione
509 1579 677 1667 procedere
705 1578 866 1655 nolebant,
893 1600 926 1642 se
951 1581 1057 1645 omnia
1081 1582 1120 1644 ad
1147 1585 1306 1650 consulta·

355 1686 473 1751 tionem
500 1695 635 1746 vestram
663 1680 746 1745 dixit
772 1680 961 1759 relaturum,
984 1696 1015 1747 et
1040 1683 1128 1747 vobis
1154 1696 1305 1772 tanqua'm

356 1785 439 1874 patri
455 1797 487 1848 et
511 1782 639 1846 domino
655 1784 687 1845 in
705 1782 853 1847 omnibus
875 1784 1064 1870 pariturum.
1111 1790 1305 1855 Procedente

355 1911 430 1953 vero
453 1900 607 1971 tempore,
622 1897 791 1972 antequam
810 1886 881 1972 ejus
903 1891 1036 1951 nuntius
1059 1888 1098 1952 ad
1117 1913 1172 1953 vos
1196 1913 1304 1978 perve-

354 1992 462 2065 nisset,
486 1987 670 2052 mandatum
696 2001 836 2051 vestrum
860 1987 899 2051 de
927 1989 1101 2053 coercendo
1125 1992 1225 2057 milite
1249 1994 1305 2059 ite-

354 2093 455 2159 rastis.
501 2094 570 2156 Nos
592 2091 701 2176 itaque
727 2090 885 2154 mandatis
911 2091 1021 2155 vestris
1047 2092 1187 2158 debitam
1218 2119 1304 2160 reve-

353 2196 487 2261 rentiam
499 2205 530 2257 et
542 2192 753 2257 obedientiam
766 2192 964 2273 exhibentes,
975 2194 1049 2259 licet
1064 2196 1152 2260 miles
1164 2220 1197 2261 se
1207 2199 1304 2285 justi-

353 2297 408 2362 tia*
432 2316 555 2381 semper
580 2292 718 2367 offerret,
743 2305 776 2355 et
802 2316 819 2356 e
846 2307 957 2357 contra
983 2296 1125 2359 monachi
1152 2313 1301 2364 eventum

348 2398 465 2485 judicii
479 2398 639 2481 fugerent,
654 2394 817 2459 ecclesiam
843 2418 915 2458 cum
936 2397 1083 2463 omnibus
1105 2401 1304 2486 pertinentiis

353 2502 429 2577 suis,
445 2500 540 2565 etiam
555 2521 627 2562 cum
652 2498 792 2585 periculo
809 2514 917 2563 nostro
940 2502 1217 2586 sequestravimus,
1233 2528 1301 2568 eam

352 2602 523 2667 retinentes
538 2600 569 2662 in
586 2621 681 2662 manu
701 2611 819 2677 nostra,
834 2598 934 2662 donec
951 2601 1038 2665 vobis
1060 2615 1091 2666 et
1116 2603 1158 2667 rei
1177 2606 1302 2683 veritas,

351 2718 384 2770 et
401 2702 492 2768 nobis
507 2702 655 2766 voluntas
672 2715 775 2766 vestra
797 2700 923 2787 plenius
945 2705 1131 2770 innotescat.
1178 2707 1210 2770 Si
1229 2731 1302 2773 vero

351 2806 493 2870 chartam
523 2802 649 2868 nomine
679 2817 786 2867 nostro
812 2816 995 2889 conceptam
1023 2804 1069 2869 illi
1099 2809 1301 2893 protulerint,

350 2931 420 2974 eam
436 2924 473 2971 ut
487 2906 710 2991 imperfectum
732 2922 875 2971 nostrum
891 2906 1060 2986 fateamur,
1076 2931 1095 2971 a
1119 2911 1209 2975 nobis
1225 2913 1253 2977 vi
1269 2929 1301 2980 et

351 3021 438 3074 metu
454 3006 630 3094 supradicti
646 3007 772 3092 tyranni
788 3007 893 3070 sciatis
912 3020 1081 3077 extortam.
1127 3014 1199 3076 Hoc
1222 3038 1302 3102 quo-

351 3133 415 3198 que
429 3124 462 3173 et
477 3120 611 3172 vestram
628 3129 689 3171 non
714 3107 810 3172 lateat
834 3109 1042 3195 majestatem,
1058 3112 1145 3197 quod
1164 3113 1300 3181 devotus

350 3223 454 3276 vester
475 3210 616 3273 Joannes
639 3209 853 3274 thesaurarius
877 3211 1095 3291 Eboracensis,
1118 3238 1211 3301 quem
1236 3242 1300 3283 mo-

349 3313 453 3391 nachi,
469 3334 552 3397 saepe
569 3313 761 3377 nominatam
785 3312 947 3376 ecclesiam
963 3337 1020 3399 per
1043 3338 1171 3380 manum
1189 3318 1298 3383 laicam

347 3426 491 3478 asserunt
503 3433 683 3499 occupasse,
695 3435 859 3498 nunquam
871 3412 990 3476 adeam
1003 3436 1131 3479 manum
1142 3418 1299 3496 extendit,

348 3530 405 3582 aut
427 3538 531 3579 causae
550 3515 619 3599 ejus
636 3537 669 3576 se
684 3517 792 3599 aliquo
814 3514 910 3576 modo
931 3514 1115 3594 immiscuit,
1132 3519 1190 3581 nisi
1209 3520 1298 3606 quod

347 3617 484 3683 fideliter
505 3615 608 3679 astitit
628 3616 727 3677 veteri
748 3615 860 3692 amico,
876 3637 973 3700 quem
994 3618 1060 3680 sine
1080 3617 1245 3702 dedecore,
1265 3638 1297 3689 et

346 3717 518 3783 amicorum
541 3719 661 3780 enormi
681 3714 800 3778 damno
819 3737 882 3780 non
907 3728 1031 3802 poterat
1059 3723 1091 3782 in
1112 3724 1297 3789 necessitate

345 3819 498 3883 deserere.
544 3815 768 3902 supplicamus
790 3839 868 3902 ergo
886 3817 1064 3901 dignationi
1082 3838 1195 3887 vestrae
1219 3848 1296 3913 qua-

346 3921 431 3986 tinus
445 3942 482 3983 ea
498 3918 712 3984 moderatione
727 3919 814 4007 quod
832 3918 970 4006 placebit
990 3945 1084 4008 super
1101 3925 1160 3989 hoc
1184 3931 1295 4014 praeci.

345 4021 451 4108 piatis,
467 4033 503 4086 ut
518 4020 676 4095 monachi,
693 4019 719 4083 si
734 4020 813 4107 quid
825 4021 911 4105 juris
925 4022 1054 4104 habent,
1070 4024 1102 4089 id
1125 4026 1170 4090 ita
1189 4051 1296 4093 conse-

344 4136 496 4210 quantur,
510 4145 549 4186 ne
564 4144 620 4186 nos
641 4121 889 4209 indignationem
912 4122 1032 4187 domini
1055 4130 1150 4212 regis,
1166 4141 1198 4191 et
1224 4152 1294 4216 per-

344 4228 564 4309 sequutionem
580 4228 721 4289 omnium
737 4246 917 4310 procerum,
929 4225 983 4308 qui
999 4226 1203 4294 scandalizati
1219 4246 1293 4296 sunt

343 4326 376 4388 in
400 4324 460 4389 hoc
475 4328 584 4402 verbo,
603 4327 815 4402 incurramus,
831 4346 998 4409 precamur
1022 4340 1057 4391 ut
1079 4328 1203 4393 fidelem
1225 4356 1294 4397 aes·

344 4437 441 4506 trum,
451 4424 601 4489 dilectum
618 4424 721 4487 lilium
738 4437 878 4489 vestrum
894 4428 1047 4490 Joannem
1061 4428 1292 4499 thesaurarium

344 4526 591 4602 Eboracensem,
614 4524 665 4588 cui
693 4523 805 4588 vitiosa
833 4527 1060 4591 monachorum
1091 4533 1293 4615 suggestione

341 4628 543 4714 aliquatenus
559 4625 701 4691 loetitiam
724 4627 916 4705 excussistis,
932 4628 1049 4694 debitae
1071 4633 1294 4702 consolationis

342 4729 494 4794 beneficio
507 4727 699 4794 exhilaretis.

385 4960 455 5005 VOL.
473 4961 495 5004 1.
