3300 6434
295 1248 404 1328 llus]
675 1261 853 1307 nnrsronn.
1178 1247 1237 1304 201

324 1417 518 1495 ‘DeCantia
537 1431 641 1479 antem
663 1413 744 1477 nihil
760 1413 877 1476 audivi.
917 1408 1133 1474 Veruntamen
1154 1424 1244 1495 post»

293 1539 388 1600 quam
413 1537 494 1601 puer
516 1537 605 1579 meus
627 1537 646 1577 a
668 1515 759 1577 vobis
781 1534 926 1576 reversus
946 1524 1003 1589 est,
1022 1511 1131 1574 andivi
1153 1514 1242 1595 quod

291 1639 348 1681 rex
374 1617 539 1682 Scotorum
560 1617 729 1700 scripserat
749 1615 851 1687 vobis,
867 1627 899 1676 et
920 1615 1007 1698 quod
1029 1612 1209 1678 obtinuerat
1223 1638 1243 1679 a

292 1741 365 1801 rege
389 1739 502 1800 pacem
527 1729 670 1781 vestram.
710 1715 775 1780 Sed
800 1736 865 1777 non
890 1715 981 1797 potui
1005 1711 1101 1777 fidem
1125 1715 1243 1779 habere

293 1821 415 1883 verbis:
450 1834 516 1882 tum
545 1819 622 1902 quia
648 1817 745 1880 audio
772 1817 939 1881 Scotorum
967 1838 1075 1898 regem
1100 1837 1164 1878 non
1191 1838 1245 1881 ac·

293 1922 427 1985 cessisse
447 1920 487 1983 ad
510 1931 662 1997 nostrum,
678 1934 745 1980 tum
768 1919 845 2002 quia
863 1918 1027 1999 negotium
1049 1929 1114 1981 tarn
1130 1919 1245 1984 acriter

293 2022 456 2104 inceptum
473 2020 575 2098 video,
587 2033 622 2083 ut
635 2041 701 2082 non
716 2020 818 2102 possit
833 2019 901 2081 sine
914 2018 1069 2082 miraculo
1084 2019 1178 2083 facile
1189 2040 1246 2103 per

293 2122 400 2184 literas
421 2120 578 2202 expediri.
617 2119 774 2182 Praeterea
788 2118 905 2180 dicitur·
923 2117 1011 2200 quod
1026 2139 1134 2181 comes
1150 2119 1245 2183 Flan-

294 2222 418 2285 drensis
442 2232 553 2302 rogatu
575 2219 786 2304 imperatricis
811 2229 844 2281 et
867 2218 983 2298 reginae
1006 2240 1139 2300 magnos
1160 2220 1246 2285 viros

293 2322 380 2386 misit
394 2321 435 2385 ad
456 2342 575 2402 regem,
590 2342 688 2400 agens
704 2319 744 2382 de
765 2340 847 2401 pace
862 2330 975 2394 vestra,
991 2329 1023 2382 et
1042 2319 1128 2402 quod
1145 2320 1245 2384 redie-

294 2436 375 2487 runt.
414 2423 478 2488 Sed
493 2422 571 2507 quid
591 2422 764 2498 retulerint,
779 2421 936 2483 incertum
955 2417 1071 2485 habeo.
1109 2423 1161 2486 Ad
1175 2422 1246 2487 hoec

294 2526 425 2608 quidam
438 2524 477 2588 de
490 2523 676 2586 domesticis
688 2523 809 2599 vestris,
821 2532 857 2584 ut
867 2520 975 2599 audio,
985 2524 1026 2586 ab
1039 2524 1247 2607 expeditione

295 2628 422 2690 Walliae
437 2627 479 2689 ad
493 2647 550 2687 vos
565 2626 681 2688 reversi
694 2636 776 2686 sunt.
816 2620 866 2685 Es
880 2635 1009 2706 propter
1022 2626 1102 2688 mihi
1117 2625 1249 2691 rescribi

294 2749 417 2810 precor,
441 2739 472 2790 et
496 2727 537 2790 de
562 2726 694 2799 nuncio,
719 2747 813 2809 quem
840 2721 881 2787 ad
909 2746 966 2788 vos
991 2711 1174 2792 transmisit
1188 2750 1246 2793 rex

296 2829 427 2907 Scotiae,
446 2840 478 2892 et
499 2828 539 2891 de
561 2828 689 2891 nunciis
711 2828 838 2890 comitis
856 2827 1064 2890 Flandrensis
1082 2828 1249 2895 destinatis

296 2928 337 2990 ad
352 2950 470 3009 regem,
480 2942 513 2991 et
528 2930 615 3012 quod
631 2927 765 2990 audistis
776 2925 816 2990 de
830 2928 959 2990 domino
970 2949 1055 3010 rege,
1066 2931 1258 2996 etWallen-·
1275 2951 1277 2955 ’

295 3029 395 3104 sibus,
410 3040 442 3091 et
457 3029 485 3090 si
501 3027 578 3111 qnid
595 3028 634 3091 de
650 3028 780 3090 domino
796 3049 882 3111 papa
898 3028 989 3091 vobis
1004 3027 1151 3110 innotuit,
1163 3045 1248 3117 post·

295 3149 390 3212 quarn
408 3129 494 3191 venit
508 3129 549 3191 ad
564 3140 702 3191 montem
719 3128 936 3192 Pessulanum.

339 3229 496 3293 Desidero
518 3241 623 3293 autem
648 3229 688 3292 de
711 3251 749 3293 eo
772 3230 880 3293 audire
903 3252 1064 3316 prospera,
1088 3256 1127 3298 eo
1147 3237 1248 3319 magis

297 3354 361 3416 quo
375 3333 425 3396 illi
445 3354 486 3394 ex
502 3354 620 3414 magna
639 3343 737 3416 parte,
751 3333 834 3394 inter
854 3354 935 3415 quos
954 3356 1070 3408 moror,
1086 3338 1115 3399 ei
1138 3339 1245 3401 vatici·

296 3448 412 3498 uantur
426 3434 567 3498 adversa.
599 3435 722 3498 Dicunt
733 3435 819 3496 enim
832 3434 919 3515 quod
931 3430 1040 3498 Pisani
1051 3448 1084 3498 et
1095 3438 1248 3501 Genucn·

296 3559 357 3612 ses,
372 3559 409 3601 ac
425 3537 521 3598 ctiam
537 3536 739 3598 Arelatenses
758 3555 845 3596 mare
860 3535 995 3613 ingressi
1011 3547 1086 3598 sunt
1100 3558 1142 3599 ex
1157 3559 1246 3602 man-

297 3638 372 3700 dato
403 3636 572 3698 Teutonici
602 3634 739 3717 tyranni,
767 3645 802 3696 ut
829 3635 859 3696 ei
890 3634 1021 3698 tendant
1045 3636 1189 3717 insidias,
1216 3653 1249 3705 et

296 3732 462 3819 plisticam
488 3747 678 3810 exerceant3
709 3745 745 3795 ut
770 3734 839 3796 sine
863 3734 1113 3802 manuductione
1138 3762 1248 3805 eorum

297 3835 378 3898 nulli
393 3834 524 3897 omnino
546 3835 642 3897 liceat
656 3834 803 3914 navigare
824 3834 859 3897 in
874 3835 931 3898 illo
951 3838 1039 3901 mari.
1080 3837 1247 3921 Adjiciunt

295 3940 390 4001 etiam
411 3936 497 4020 quod
512 3937 544 3999 in
564 3936 735 3999 ecclesiam
749 3937 973 4018 Moguntinam
995 3941 1070 4002 velit
1089 3942 1248 4008 intrudere

296 4040 385 4102 illum
402 4061 468 4101 non
481 4038 708 4115 Christianum,
718 4036 775 4099 sed
789 4037 1059 4115 Anti-Christum,
1071 4054 1249 4123 apostatam

298 4162 402 4216 snum,
419 4141 473 4225 qui
491 4139 674 4220 Reginaldo
690 4139 847 4201 successit
861 4139 893 4199 in
910 4140 1017 4201 officio
1037 4145 1249 4223 cancellariae,

297 4253 329 4303 et
342 4241 564 4324 persecutione
580 4240 738 4314 ecclesiae,
752 4250 785 4299 et
804 4238 970 4300 collisione
992 4260 1030 4302 ac
1046 4251 1151 4324 strage
1172 4266 1250 4326 gen-

296 4342 387 4417 tium,
402 4354 434 4403 et
454 4341 618 4402 eversione
633 4338 807 4402 civitatum.
846 4333 974 4400 Dicitur
992 4340 1077 4403 enim
1099 4343 1161 4405 hoc
1176 4367 1249 4428 pro-

297 4440 447 4502 meruisse
463 4440 496 4502 in
512 4462 561 4514 eo,
577 4437 665 4521 quod
679 4437 831 4499 Tusciam
854 4450 952 4500 totam
968 4439 1154 4506 Teutonicis
1173 4449 1247 4511 snb·

297 4540 389 4617 didit,
411 4550 443 4602 et
461 4539 683 4621 Campaniam,
699 4551 734 4600 ut
752 4539 910 4601 Romanis
932 4540 1010 4602 nihil
1028 4542 1174 4607 relictum
1197 4549 1248 4626 sit,

297 4642 407 4706 necin
424 4643 518 4723 agris,
534 4662 595 4704 nec
616 4642 649 4703 in
664 4640 800 4713 olivetis,
817 4653 872 4701 aut
892 4639 1004 4716 vineis,
1021 4654 1112 4707 extra
1131 4652 1251 4715 rnoenia

298 4746 394 4808 urbis.
441 4743 548 4819 Unde,
572 4753 608 4805 ut
634 4743 733 4816 aiunt,
757 4741 901 4805 inclusus
924 4742 1075 4824 populus,
1098 4759 1130 4808 et
1156 4754 1248 4833 quasi

297 4849 430 4910 affectus
453 4844 561 4908 inedia
583 4843 722 4906 obtinuit
742 4843 851 4907 multis
874 4843 1034 4926 precibus,
1058 4853 1090 4907 et
1110 4854 1249 4930 pecunia
