3300 6434
371 1245 434 1303 alo
629 1254 763 1300 soanars
778 1252 1061 1299 sanusnsnrnnsrs
1236 1236 1281 1315 [n.
1298 1256 1329 1300 n.

372 1430 487 1488 rarum,
498 1431 570 1492 quae
582 1411 623 1473 ab
639 1409 709 1493 ipso
727 1408 768 1471 de
783 1407 872 1471 fonte
889 1388 1102 1472 Hebraeorum
1119 1419 1329 1472 manaverunt

330 1508 334 1516 ’
372 1510 413 1573 ad
427 1512 667 1595 intelligentiam
689 1511 884 1575 Latinorum.
923 1512 1020 1573 Liber
1040 1531 1114 1572 vero
1136 1510 1325 1593 Sapientiae,

370 1624 403 1676 et
420 1614 681 1691 Ecclesiasticus,
702 1612 827 1689 Judith,
842 1612 963 1675 Tobias
985 1624 1017 1675 et
1038 1612 1161 1689 Pastor,
1179 1623 1213 1674 ut
1235 1612 1324 1674 idem

368 1726 460 1797 pater
481 1716 602 1786 asserit,
622 1736 687 1777 non
710 1726 895 1797 reputantur
916 1715 949 1776 in
973 1715 1117 1787 Canone,
1138 1713 1195 1776 sed
1217 1735 1323 1797 neque

369 1816 630 1880 Maclrabaeornm
650 1816 741 1889 liber,
756 1815 813 1898 qni
835 1815 870 1876 in
890 1815 955 1879 duo
972 1816 1134 1877 volumina
1155 1814 1321 1889 scinditur,

368 1938 503 2001 quorum
519 1919 652 2001 primum
669 1918 841 1979 Hebraeam
858 1917 980 1981 redolet
1001 1918 1226 1999 eloquentiam,
1243 1917 1322 1979 alte·

366 2040 435 2081 rum
452 2020 611 2097 Graecam,
625 2017 714 2102 quod
736 2020 839 2101 stylus
854 2018 924 2100 ipse
945 2018 1120 2095 convincit,
1135 2018 1190 2081 ille
1213 2030 1321 2080 autem

365 2119 421 2201 qui
434 2120 546 2181 Pastor
557 2118 751 2196 inscribitur,
761 2140 801 2181 an
814 2119 934 2181 alicubi
947 2120 988 2182 sit
998 2119 1118 2195 nescio,
1127 2118 1183 2180 sed
1198 2131 1321 2182 certum

365 2221 524 2302 estquod
552 2221 772 2305 Hieronymus
798 2229 832 2283 et
857 2218 948 2283 Beda
968 2222 1060 2283 illum
1086 2220 1261 2283 sevidisse
1287 2232 1321 2285 et

363 2324 478 2406 legisse
496 2333 658 2387 testantur.
685 2324 748 2386 His
764 2322 926 2386 adduntur
940 2326 1015 2387 novi
1026 2325 1226 2388 Testamenti
1241 2336 1317 2388 octo

363 2426 535 2500 volumina,
545 2426 678 2504 scilicet,
689 2426 899 2507 Evangelium
911 2426 1070 2503 Matthaei,
1080 2427 1195 2503 Marci,
1207 2427 1319 2503 Lucas,

360 2525 505 2604 Joannis,
527 2527 684 2609 Epistolae
712 2525 804 2588 Pauli
827 2545 872 2586 xv
895 2547 960 2588 uno
984 2527 1145 2589 volumine
1169 2548 1314 2609 compre-

361 2625 481 2705 hensae,
503 2629 579 2693 licet
602 2627 644 2691 sit
666 2628 803 2709 vulgata,
826 2638 858 2689 et
880 2627 944 2690 sere
966 2629 1110 2690 omnium
1134 2629 1314 2692 eommunis

360 2730 549 2811 opinionon
565 2750 635 2793 esse
649 2730 713 2792 uisi
728 2729 792 2805 xir,
808 2727 920 2791 decem
940 2727 981 2791 ad
996 2730 1161 2808 ecclosias,
1177 2741 1315 2813 quatuor

358 2830 399 2893 ad
415 2852 586 2915 personas:
611 2831 637 2892 si
650 2841 753 2894 tamen
770 2830 827 2893 illa
841 2852 913 2914 quoe
929 2830 970 2894 ad
986 2830 1145 2895 Hebraeos
1161 2845 1218 2907 est,
1234 2852 1311 2894 con·

358 2931 557 2995 numeranda
582 2942 631 2993 est
657 2931 800 3013 epistolis
825 2930 927 3009 Pauli,
951 2931 1040 3014 quod
1063 2932 1098 2994 iu
1123 2932 1310 3014 praesatione

357 3031 426 3114 ejus
446 3043 583 3097 astruere
608 3031 732 3094 videtur
754 3031 920 3095 doctorum
942 3033 1057 3097 doctor
1080 3034 1309 3116 Hieronymus,

356 3132 481 3195 illorum
506 3132 683 3195 dissolvens
705 3132 855 3213 argutias,
871 3133 927 3215 qui
948 3154 1017 3196 eam
1037 3135 1129 3196 Pauli
1152 3155 1216 3196 non
1239 3156 1309 3198 esse

356 3232 606 3297 contendebant.
643 3231 814 3305 Caeternm,
837 3234 1073 3316 quintadecima
1094 3244 1141 3297 est
1161 3236 1216 3299 illa
1236 3258 1308 3320 quae

354 3336 514 3400 Ecclesiae
526 3334 774 3398 Laodicensium
787 3335 946 3413 scribitur,
955 3348 988 3399 et
1003 3338 1088 3416 licet,
1102 3349 1137 3400 ut
1151 3338 1196 3400 ait
1214 3340 1305 3401 Hier.

354 3441 394 3502 ab
420 3439 568 3502 omnibus
594 3436 796 3521 explodatur,
818 3454 925 3500 tamen
950 3440 991 3501 ab
1017 3441 1162 3523 apostolo
1186 3441 1307 3521 scripta

353 3554 415 3605 est:
454 3562 559 3624 neque
588 3538 748 3602 sententia
776 3539 846 3601 haec
875 3539 915 3603 de
942 3542 1078 3604 aliorum
1106 3542 1306 3625 praesumitur

351 3642 512 3725 opinione,
538 3641 594 3703 sed
619 3641 721 3724 ipsius
750 3641 887 3722 apostoli
918 3643 1100 3706 testimonio
1129 3644 1303 3706 roboratur.

351 3742 501 3803 Meminit
523 3742 606 3802 enim
629 3742 729 3823 ipsius
749 3742 781 3803 iu
805 3742 941 3823 epistola
962 3744 1003 3806 ad
1021 3744 1231 3807 colossenses
1253 3744 1303 3807 his

349 3842 466 3917 verbis,
478 3842 586 3914 Quum
601 3844 681 3903 lecto
686 3843 799 3923 fue-rit
807 3844 898 3925 apud
907 3865 961 3907 vos
969 3846 1039 3907 lraec
1047 3847 1191 3926 epistola,
1198 3848 1304 3928 facite

338 3941 1118 4025 sutinlnodieensiumecelesialepatur‚eleaquae
1127 3944 1302 4007 Laodicen·

347 4047 431 4108 mum
443 4052 490 4108 est
500 4045 629 4125 loqutus·
639 4044 734 4107 vobis.
759 4044 941 4129 Sequuntur
953 4046 1110 4128 Epistolae
1123 4045 1299 4110 Canonicae

347 4150 390 4211 vii
416 4149 450 4212 in
474 4169 539 4210 uno
563 4150 733 4227 volumine,
758 4147 875 4211 deinde
896 4148 997 4210 Actus
1015 4147 1241 4229 Apostolorum
1264 4148 1297 4209 iu

345 4252 419 4326 alio,
436 4264 467 4314 et
482 4251 610 4314 tandem
625 4249 849 4334 Apocalypsis.
879 4251 925 4312 Et
940 4250 1026 4314 hunc
1042 4248 1170 4333 quidem
1186 4268 1298 4311 nurne-

345 4374 412 4416 rum
441 4374 513 4417 esse
542 4354 705 4429 librorum,
731 4351 784 4435 qui
812 4352 847 4414 in
873 4373 1033 4415 sacrarum
1063 4351 1296 4432 Scripturarum

344 4478 498 4519 canonem
514 4455 735 4530 admittuntur,
750 4454 886 4517 celebris
901 4455 987 4538 apud
1004 4454 1184 4525 ecclesiam,
1201 4466 1234 4515 et
1248 4454 1296 4514 in-

342 4557 489 4621 dubitata
510 4555 636 4619 traditio
659 4565 718 4632 est,
739 4575 811 4637 quoe
835 4565 923 4617 tanta
945 4553 1031 4636 apud
1054 4574 1164 4616 omnes
1188 4554 1295 4634 vigent

341 4662 526 4723 auctoritate
554 4671 589 4722 ut
615 4655 876 4722 contradictionis
902 4667 957 4720 aut
986 4656 1158 4719 dubietatis
1187 4657 1295 4718 locum

340 4761 425 4823 sanis
440 4761 599 4823 montibus
615 4779 680 4821 non
700 4758 891 4840 relinquant,
907 4756 983 4840 quia
1005 4758 1199 4837 conscriptes
1223 4767 1298 4818 sunt

338 4858 437 4939 digito
462 4860 533 4920 Dei.
570 4862 592 4922 J
594 4876 647 4921 ure
664 4871 787 4940 ergoet
810 4858 923 4918 merito
938 4868 1079 4930 caretur,
1095 4868 1127 4919 et
1143 4855 1295 4918 condem-
