3300 6434
374 1235 481 1313 ttae]
754 1251 934 1295 amsronn.
1261 1239 1323 1298 228

370 1405 533 1476 tendebat,
550 1416 582 1467 et
601 1404 697 1488 plane
715 1402 863 1466 ridebitis
883 1424 954 1465 euro
975 1402 1008 1463 in
1029 1403 1118 1465 nullo
1140 1404 1323 1468 frustratum

370 1515 496 1569 conatu.
550 1506 672 1588 Sagitta
695 1503 764 1587 ejus
790 1516 960 1567 retrorsum
987 1524 1050 1565 nou
1077 1505 1166 1582 abiit,
1190 1508 1323 1590 clypeus

369 1607 439 1689 ejus
462 1629 527 1670 non
552 1607 728 1670 declinarit
750 1606 781 1668 iu
804 1607 904 1684 bello,
922 1616 954 1669 et
976 1606 1068 1669 hasta
1091 1605 1159 1689 ejus
1182 1628 1248 1669 non
1274 1620 1323 1671 est

370 1730 496 1772 aversa:
521 1730 616 1792 super
638 1707 778 1791 praedam
801 1709 1015 1771 accumbebat
1033 1722 1069 1771 ut
1090 1710 1152 1786 leo,
1167 1720 1202 1771 ut
1217 1710 1322 1772 nullus
1432 1735 1435 1741 ¹

367 1831 440 1873 eum
465 1810 608 1873 excitare
631 1822 853 1894 praesumeret;
880 1812 931 1874 rel
951 1811 1022 1873 visu
1044 1812 1180 1874 terrebat
1201 1811 1320 1889 hostes,

367 1912 462 1977 ricini
499 1932 533 1973 se
568 1912 769 1975 inclinabant
805 1913 979 1996 obsequiis,
1008 1913 1121 1976 remoti
1157 1913 1320 1996 principes

367 2012 524 2075 amicitias
545 2017 762 2096 expetebant;
785 2013 951 2076 colebatur
970 2034 990 2075 a
1009 2013 1084 2090 suis,
1104 2013 1321 2076 honorabatur

366 2114 407 2175 ab
425 2114 598 2191 extraneis,
613 2113 845 2197 praedicabatur
867 2134 887 2176 a
909 2114 1047 2190 cunctis,
1061 2133 1081 2174 a
1095 2113 1188 2175 bonis
1208 2113 1319 2195 dilige·

365 2216 467 2293 batur,
492 2216 547 2279 sed
573 2216 713 2278 maxime
739 2236 759 2279 a
784 2217 869 2278 clero
892 2215 947 2298 qui
972 2236 1045 2277 eum
1068 2214 1196 2277 colebat
1221 2235 1318 2297 supra

365 2318 457 2392 vires,
476 2339 534 2401 pro
555 2318 675 2380 viribus
695 2317 914 2394 venerabatur,
933 2327 965 2378 et
986 2316 1130 2378 unanimi
1152 2315 1317 2398 proposito

363 2415 517 2499 diligebat
546 2438 642 2500 super
671 2437 810 2479 amorem
841 2417 1019 2480 mulierum.
1074 2415 1161 2487 Quid
1190 2416 1312 2479 multa?

362 2517 482 2581 Rerum
508 2518 730 2601 expetibilium
761 2518 903 2580 omniurn
927 2517 1133 2595 abundantia,
1157 2516 1243 2601 quod
1272 2517 1314 2581 ad

360 2617 536 2682 humanum
560 2618 731 2704 judicium,
760 2619 933 2691 fruebatur,
967 2619 1094 2681 sublato
1132 2618 1244 2682 timore
1281 2634 1314 2683 et

361 2722 586 2801 sollicitudine,
602 2721 662 2784 nisi
679 2741 776 2804 quam
798 2740 862 2783 non
883 2721 1069 2798 necessitas,
1082 2733 1138 2784 aut
1151 2720 1241 2797 ratio,
1255 2720 1314 2784 sed

359 2825 518 2904 voluntas,
534 2835 589 2887 aut
609 2825 747 2905 impetus
769 2823 943 2903 ingerebat
988 2822 1054 2887 Sed
1074 2844 1137 2906 quo
1160 2823 1223 2885 fine
1241 2822 1311 2887 haec

359 2927 506 2988 universa
518 2926 581 2988 Dei
598 2923 683 2987 dona
699 2925 867 3000 conclusit,
882 2925 907 2986 si
924 2935 1029 2986 tomen
1041 2925 1110 2987 sine
1121 2923 1312 3007 poenitentia

358 3037 391 3088 et
405 3026 622 3088 satisfactione
637 3026 815 3089 substiterit
829 3026 864 3087 in
881 3026 1000 3088 tinibus
1014 3026 1106 3088 istis?
1144 3028 1311 3122 Q·

357 3128 457 3190 larum
484 3126 701 3218 ecclesiarum
727 3147 807 3220 quas
836 3138 911 3191 aute
940 3148 997 3211 per
1024 3128 1249 3210 ignorantiam,
1274 3140 1310 3191 ut

355 3231 538 3312 putabatur,
561 3240 616 3292 aut
645 3228 694 3291 sui
725 3228 802 3291 ‘uris
832 3240 990 3311 praetextu
1018 3229 1152 3303 laescrat,
1176 3228 1308 3312 injurias

354 3343 526 3409 taceamus,
537 3319 688 3395 Tolosam
704 3332 789 3394 bello
804 3353 821 3394 a
868 3353 1020 3409 cessurus,
1030 3331 1181 3394 omnibus
1196 3340 1308 3393 contra

353 3446 519 3518 antiquum
536 3456 654 3496 morem
670 3443 702 3496 et
717 3431 859 3496 debitam
873 3434 1051 3495 libertatem
1067 3431 1186 3493 indixit
1200 3432 1306 3494 eccle·

353 3502 1303 3607 afflu-

351 3636 470 3697 ferrent
495 3636 528 3696 in
552 3654 695 3710 censum,
718 3652 778 3694 nec
827 3633 946 3695 ermisit
965 3645 1001 3696 ut
1024 3631 1169 3695 ecclesiae
1191 3633 1304 3696 saltem

350 3756 1280 3850 ιω-...Δ-
477 3731 1304 3801 ier

350 3837 1173 3933 manamaur-„Quamne
1218 3838 1302 3901 Nam

348 3940 497 4004 ecclesiae
512 3941 544 4004 in
565 3941 711 4004 deteriori
732 3940 858 4005 calculo
876 3942 1087 4020 vertebantur,
1102 3952 1215 4024 utpote
1230 3961 1302 4024 que

348 4044 444 4106 rebus
473 4045 539 4107 suis
569 4055 624 4107 aut
652 4044 772 4107 honore
801 4043 998 4109 ridebantur
1028 4043 1178 4125 indigne.
1235 4041 1300 4104 Sed

349 4167 443 4230 quem
460 4168 643 4211 successum
658 4146 766 4209 attulit
780 4146 850 4209 brec
871 4147 1076 4230 pecuniarum
1092 4143 1301 4219 immensitas,

346 4250 444 4312 tantis
459 4248 683 4312 exactionibus
706 4262 738 4310 et
758 4246 884 4330 injuriis
900 4244 1079 4330 acquisita?
1103 4265 1211 4308 nonne
1226 4239 1307 4325 pro?

341 4348 430 4431 jecta
458 4350 564 4412 estin
590 4369 720 4411 saccum
744 4358 920 4432 pertusum,
942 4358 979 4409 ut
1001 4346 1087 4409 hosti
1111 4345 1299 4427 suscipienti

344 4449 524 4535 proficeret,
539 4459 571 4512 et
586 4448 760 4511 effundenti
783 4468 850 4511 non
874 4448 970 4511 modo
985 4457 1070 4511 esset
1092 4447 1227 4524 inutilis,
1240 4445 1297 4509 sed

344 4551 520 4615 damnosa?
562 4549 730 4634 Numquid
759 4572 824 4612 non
854 4552 895 4614 ab
926 4573 965 4616 ea
993 4549 1045 4613 die
1076 4552 1201 4613 fortuna
1230 4547 1298 4632 ejus

342 4664 512 4718 retrorsum
529 4654 636 4731 cessit,
652 4665 684 4715 et
698 4673 903 4716 successuum
918 4655 1048 4716 ubertas
1063 4650 1243 4714 emarcuit?

387 4757 451 4821 Sed
467 4755 554 4819 dicet
573 4754 700 4838 aliquis,
717 4754 868 4838 quoniam
890 4754 960 4820 heac
983 4753 1118 4816 indictio
1134 4773 1250 4817 census
1265 4764 1298 4842 et

342 4859 547 4924 ecclesiarum
563 4856 704 4936 vexatio,
726 4857 758 4919 in
780 4858 1003 4921 cancellarium
1025 4856 1106 4940 ejus,
1121 4856 1177 4939 qui
1197 4877 1295 4934 nrrnc,
