3300 6434
296 1229 402 1314 lida]
664 1248 844 1294 11111111.
1188 1234 1248 1294 191

290 1399 331 1464 de
360 1422 455 1463 causa
486 1411 602 1474 vestra,
633 1420 729 1483 quam
753 1401 960 1462 consueverit.
1004 1403 1112 1474 Quum
1136 1410 1242 1463 autern

290 1502 395 1587 ipsum
412 1502 584 1566 instantius
599 1500 739 1563 animare
750 1510 937 1583 satagerem,
947 1502 1110 1586 respondit
1126 1524 1158 1565 se
1173 1501 1244 1587 qui-

290 1602 363 1667 dem
379 1602 454 1667 satis
470 1617 575 1667 tenere
590 1600 722 1686 diligere
737 1623 904 1688 personam
919 1615 1067 1682 vestram,
1082 1616 1114 1666 et
1129 1625 1245 1688 appro-

290 1703 368 1768 bare
382 1725 521 1781 causam,
543 1702 596 1765 sed
621 1702 731 1782 vereri,
746 1724 785 1765 ne
808 1703 833 1765 si
853 1702 923 1787 ipso
945 1701 1099 1768 suadente
1120 1703 1244 1789 aliquid

291 1804 408 1869 faceret
424 1803 571 1869 dominus
585 1804 766 1869 Alexander
785 1827 881 1891 papa,
897 1804 981 1869 unde
996 1828 1104 1890 regem
1122 1804 1244 1890 Anglo·

292 1927 363 1970 rum
373 1905 545 1981 amitteret,
556 1904 584 1968 ei
596 1904 755 1969 decaetero
766 1906 940 1990 imputaret
951 1906 1081 1969 ecclesia
1092 1911 1246 1987 Romana,

292 2008 380 2095 quod
393 2021 523 2095 propter
532 2030 603 2072 eum
616 2020 741 2073 tantum
753 2007 888 2071 amicum
901 2008 1065 2074 amisisset.
1104 2010 1149 2072 Et
1164 2009 1246 2074 banc

291 2132 417 2176 causam
441 2108 557 2195 saepius
586 2108 765 2173 inculcarit.
811 2108 904 2182 Quod
928 2132 1056 2173 versans
1084 2110 1171 2194 apud
1194 2132 1245 2175 me

292 2216 446 2278 attentius
477 2212 686 2288 revolvebam,
717 2224 750 2275 et
780 2210 932 2274 metiebar
960 2212 1132 2287 inanimo,
1164 2212 1244 2298 quid

293 2336 419 2400 sperare
428 2315 703 2401 possimusquum
714 2336 769 2376 rex
777 2311 908 2397 Anglioe
918 2334 1057 2399 praesens
1065 2313 1245 2399 fueritpro·

293 2437 414 2501 ponens
428 2415 529 2480 multa
551 2438 611 2503 pro
633 2438 676 2493 se,
699 2413 800 2479 111111
821 2428 934 2478 1ο1111
956 2438 1022 2492 vos,
1037 2427 1068 2479 et
1085 2438 1171 2479 more
1187 2438 1246 2479 suo

294 2538 379 2582 uunc
401 2517 504 2596 minis,
524 2540 608 2582 nunc
631 2517 804 2603 promissis,
822 2539 906 2579 nunc
928 2517 1024 2581 variis
1046 2517 1246 2600 pactionibus

293 2614 399 2682 faciles
420 2630 451 2682 et
475 2617 668 2682 fluctuantes
689 2618 810 2681 animos
825 2617 867 2680 sit
889 2630 1044 2694 moturus,
1067 2617 1245 2703 praesertim

293 2741 395 2805 quum
416 2719 561 2785 allexerit
582 2720 641 2784 eibi
664 2720 844 2807 pincernam
869 2721 961 2803 regis,
975 2734 1020 2797 et,
1037 2720 1122 2807 quod
1146 2717 1247 2804 magis

294 2833 353 2899 est,
369 2823 515 2887 comitem
534 2822 726 2901 Robertum,
741 2823 835 2906 cujus
859 2844 940 2885 uxor
955 2821 1080 2886 abbatis
1095 2821 1156 2884 mei
1172 2842 1245 2905 cog-

295 2939 381 3000 nata,
407 2944 481 2987 cum
504 2923 574 2987 aliis
595 2924 795 2987 munusculis
818 2936 975 2987 trecentas
999 2922 1089 2986 ulnas
1112 2921 1245 2986 telarum

295 3024 498 3090 Remensium
533 3026 601 3107 regi
631 3045 734 3107 nuper
762 3022 935 3086 transmisit
964 3023 997 3085 in
1028 3020 1175 3107 Angliam
1206 3020 1247 3085 ad

294 3125 438 3190 camisias
466 3124 637 3190 faciendas.
687 3128 747 3190 Est
777 3124 860 3188 enim
891 3124 1034 3210 prudens
1062 3122 1187 3201 mulier,
1215 3133 1249 3185 et

295 3237 412 3313 praeter
426 3248 569 3306 munera,
584 3248 658 3312 quae
677 3226 861 3312 frequenter
883 3225 1045 3311 accipiunt
1067 3224 1201 3287 maritus
1215 3234 1248 3286 et

295 3327 376 3411 ipsa,
392 3340 510 3412 sperat,
525 3326 613 3412 quod
634 3325 740 3389 liberis
755 3347 875 3399 eorum,
891 3347 973 3410 quos
987 3324 1104 3390 multos
1119 3322 1250 3402 habent,

295 3428 462 3515 provideat
491 3450 548 3492 rex
578 3428 608 3491 in
631 3427 838 3491 matrimoniis
854 3428 1008 3490 nobilium
1033 3444 1247 3510 personarum.

295 3531 561 3616 Archiepiscopus
591 3550 666 3591 vero
696 3528 861 3591 Remensis
891 3528 1068 3591 Robertum
1099 3524 1248 3590 comitem

298 3634 466 3699 tenerrime
492 3631 611 3715 diligit,
637 3642 669 3694 et
695 3630 810 3693 liberos
833 3631 911 3716 ejus.
957 3628 1053 3694 Unde
1078 3628 1186 3706 timeo,
1209 3650 1249 3693 ne

296 3737 413 3799 amicos
435 3730 631 3819 hujusmodi,
647 3753 746 3816 quum
767 3730 808 3794 ad
823 3730 857 3794 id
881 3742 1010 3795 ventum
1032 3730 1140 3809 luerit,
1154 3729 1248 3794 facile

296 3836 427 3899 fortuna
441 3833 595 3898 excutiat.

341 3937 481 4000 Proinde
495 3935 661 4001 consilium
677 3957 794 4013 meum,
809 3948 842 4001 et
857 3935 1062 4015 desiderium,
1078 3950 1110 4001 et
1125 3958 1249 4000 summa

298 4062 426 4125 precum
437 4052 496 4120 est,
507 4051 542 4103 ut
553 4047 684 4103 vostota
693 4050 799 4105 mente
808 4040 1001 4104 convertatis
1011 4038 1051 4102 ad
1063 4038 1249 4112 Dominum,

297 4153 329 4207 et
342 4144 522 4209 orationum
539 4142 698 4228 suffragia.
745 4142 831 4217 Quia
852 4154 887 4205 11
902 4143 935 4204 in
956 4140 1138 4205 Proverbiis
1153 4139 1250 4224 scrip-

298 4258 365 4309 tum
382 4259 449 4310 est:
479 4248 786 4328 Turrisjortisaima
807 4265 923 4307 nomen
938 4244 1084 4318 Domini,
1100 4244 1145 4304 ad
1158 4263 1251 4325 quem

297 4347 399 4427 111111
408 4348 600 4430 oonsuperit,
611 4347 651 4408 de
661 4348 748 4408 omni
759 4347 911 4427 anqustic
925 4346 1091 4409 liberatur.
1117 4343 1252 4407 Differte

298 4446 423 4510 interim
438 4469 547 4510 omnes
567 4444 645 4509 alias
666 4445 899 4530 occupationes,
915 4459 1071 4531 quantum
1096 4445 1252 4530 poteritis,

299 4549 376 4638 quia
409 4550 485 4613 licet
519 4548 700 4613 necessariae
737 4545 909 4631 plurimum
948 4547 1127 4623 videantur,
1164 4544 1252 4633 quod

298 4651 417 4717 suadeo
439 4650 689 4735 praeeligendum
713 4660 772 4727 est,
794 4671 833 4712 eo
847 4649 933 4734 quod
958 4648 1058 4734 magis
1080 4662 1127 4713 est
1150 4670 1255 4712 neces-

299 4752 426 4817 sarium.
472 4754 610 4815 Prosunt
631 4748 757 4833 quidem
778 4753 865 4835 leges
885 4763 915 4814 et
938 4772 1082 4827 canones,
1105 4749 1158 4814 sed
1175 4748 1253 4813 mibi

297 4852 427 4932 credite,
444 4853 521 4940 qnia
535 4875 618 4917 nunc
633 4875 694 4918 non
711 4852 770 4916 erit
786 4852 836 4916 his
850 4875 950 4939 opus:

749 4979 769 5022 o
786 4964 806 5021 1
