3300 6434
356 1252 463 1331 llus]
743 1269 921 1314 aprsrosn.
1245 1258 1304 1318 199

351 1433 383 1484 et
406 1421 574 1506 porrigunt
601 1420 739 1495 calicem,
767 1433 799 1482 et
827 1420 948 1482 utinam
972 1418 1100 1484 calicem
1130 1421 1301 1487 Salutaris!

351 1522 514 1586 Gustastis
535 1521 676 1606 iuquam,
693 1533 725 1584 et
747 1520 869 1584 utinam
892 1520 1006 1583 amodo
1030 1521 1249 1598 subtrahatur,
1266 1535 1304 1588 ut

349 1644 408 1707 pro
431 1635 506 1687 voto
528 1635 633 1685 vestro
658 1621 798 1685 Domino
821 1619 949 1704 possitis
967 1619 1154 1684 familiarius
1175 1636 1207 1686 et
1230 1624 1303 1707 qui·

349 1723 434 1787 etius
452 1723 624 1786 inhaerere:
650 1722 675 1786 si
696 1735 802 1786 tamen
823 1722 867 1784 sic
885 1720 974 1785 vobis
994 1722 1136 1807 expedit,
1153 1736 1185 1787 et
1206 1724 1303 1788 eccle·

351 1825 404 1888 siae
430 1824 570 1889 Domini.
615 1827 696 1889 Haec
721 1837 841 1898 autem,
869 1835 980 1909 utpote
1007 1824 1150 1887 conscius
1177 1825 1301 1889 viarum

350 1938 538 2000 vestrarum,
556 1922 632 2009 quia
647 1923 824 1987 coaluimus
844 1922 887 1986 ab
907 1925 1051 2007 antiquo,
1076 1929 1214 2003 retexui,
1230 1948 1303 2012 pro-

350 2025 483 2089 motioni
497 2038 612 2089 vestrae
634 2024 850 2109 congaudens,
865 2038 897 2089 et
915 2026 1036 2110 gratias
1054 2047 1151 2110 agens
1167 2039 1303 2112 quantas

350 2148 479 2212 possum
507 2129 577 2191 Deo
606 2125 814 2212 promotionis
836 2125 970 2203 auctori,
997 2125 1069 2190 licet
1100 2150 1180 2205 mco,
1204 2129 1303 2191 immo

350 2228 449 2293 totius
471 2227 609 2292 ecclesiae
631 2242 744 2292 vestrae
766 2227 943 2291 infortunio
966 2242 998 2293 et
1019 2227 1216 2313 irreparabili
1233 2229 1302 2312 jac·

350 2344 432 2394 turae
455 2330 638 2415 compatiar.
684 2329 790 2393 Didici
817 2329 900 2393 enim
923 2330 1011 2415 apud
1037 2330 1203 2407 Ethicum‚
1226 2331 1304 2416 quia

351 2432 416 2496 suis
440 2432 645 2496 incommodis
674 2432 815 2516 graviter
842 2431 928 2515 angi,
958 2454 1020 2495 non
1051 2433 1153 2512 amici,
1183 2431 1237 2497 sed
1269 2455 1302 2497 se

349 2534 486 2597 amantis
500 2546 557 2597 est.
604 2532 667 2595 Sed
683 2531 761 2617 quid
778 2532 872 2596 faciet
893 2532 946 2594 illa
962 2531 1124 2617 quondam
1140 2533 1255 2598 nobilis
1269 2547 1302 2599 et

348 2633 486 2719 gloriosa
497 2656 564 2717 prae
580 2634 807 2711 caeteris,nuno
823 2645 943 2710 autem,
956 2633 1043 2720 quod
1060 2634 1127 2697 sine
1143 2634 1302 2700 lachrimis

350 2758 472 2820 nequeo
487 2733 602 2807 dicere,
620 2733 692 2797 vilis
710 2746 741 2797 et
762 2734 887 2819 abjecta
901 2734 985 2798 inter
1007 2735 1088 2799 filias
1110 2737 1302 2817 Jerusalem,

349 2836 478 2900 ccclesia
496 2834 742 2899 Saresberiensis
757 2846 847 2898 tanto
868 2848 959 2919 patre
974 2836 1109 2900 orbata?
1131 2837 1205 2922 quis
1219 2837 1300 2925 epis·

348 2958 428 3021 copo
454 2934 656 3018 naufraganti
681 2932 824 3019 porrigat
854 2933 1045 2999 dexteram?
1078 2940 1151 3020 quis
1179 2942 1299 3002 clerum

348 3035 586 3100 consolabitur?
625 3035 707 3097 Nam
734 3035 806 3097 hinc
833 3035 911 3098 mihi
938 3036 1049 3100 audire
1073 3037 1183 3101 videor
1209 3061 1301 3104 voces

348 3135 497 3223 ejulantis
519 3135 593 3199 cleri
617 3147 649 3199 ct
675 3135 786 3220 populi
811 3158 875 3198 una
896 3158 971 3199 voce
994 3135 1209 3215 clamantium,
1233 3141 1301 3204 Cur

346 3261 406 3303 nos
422 3246 519 3321 poter·
544 3240 671 3311 deseris,
696 3246 755 3300 aut
778 3242 833 3301 cat
856 3259 915 3302 nos
940 3240 1092 3304 desolatos
1115 3244 1300 3322 relinquis?

347 3341 471 3427 Utique
481 3341 564 3405 iuter
579 3363 632 3404 eos
647 3363 729 3426 quos
744 3340 933 3424 rumigeruli
947 3341 1183 3406 substituerunt
1199 3341 1300 3423 vobis,

348 3445 402 3506 vix
418 3444 589 3530 quisquam
601 3443 740 3507 occurrit
755 3442 848 3505 vobis
862 3441 979 3526 dignus
990 3440 1100 3506 sedere
1114 3443 1146 3505 in
1164 3441 1300 3508 scabello

346 3545 463 3631 pedum
481 3560 675 3609 vestrorum:
693 3557 724 3607 et
737 3543 882 3628 prolecto
898 3542 1016 3622 nullus,
1030 3546 1154 3608 etiamsi
1169 3544 1300 3611 libertas

347 3647 482 3723 adesset,
505 3666 590 3708 nunc
612 3643 690 3705 milri
714 3655 846 3729 apparet
873 3643 1008 3708 idoneus
1030 3647 1131 3732 magis
1153 3669 1248 3733 quam
1273 3648 1299 3713 si

346 3747 410 3810 sola
423 3745 548 3809 sublato
560 3744 600 3807 de
614 3745 733 3808 mundo
749 3757 914 3830 quaeratur
924 3745 1008 3810 inter
1019 3770 1104 3813 nunc
1115 3748 1298 3830 existentes,

347 3847 420 3933 quis
434 3846 564 3931 impleat
580 3846 663 3909 vices
685 3847 764 3932 ejus.
810 3847 970 3911 Dominus
990 3860 1095 3913 tamen
1118 3864 1298 3936 potensest

345 3950 385 4013 de
407 3948 567 4033 lapidibus
582 3952 734 4012 suscitare
749 3948 831 4011 filios
847 3948 1001 4014 Abrahae.

390 4049 452 4114 Sed
470 4051 537 4135 jam
566 4071 584 4111 a
609 4048 697 4113 luctu
725 4049 855 4134 publico
881 4050 922 4114 ad
947 4073 1074 4116 causam
1101 4053 1196 4117 redeo
1223 4074 1296 4139 pro·

346 4153 460 4237 priam,
483 4152 553 4237 qui,
583 4151 615 4213 iu
645 4173 710 4236 quo
734 4149 856 4214 calculo
882 4167 1025 4216 versetur
1050 4153 1189 4217 conditio
1213 4176 1296 4232 mea,

343 4264 514 4337 postquam
530 4252 570 4313 ab
587 4250 707 4333 Anglia
721 4250 903 4326 recessistis,
915 4273 1043 4335 prorsus
1057 4253 1180 4336 ignoro.
1211 4258 1295 4318 Nam

344 4353 470 4415 iuterim
486 4374 558 4436 spes
579 4362 646 4412 erat
669 4350 796 4426 certior,
812 4363 848 4412 ut
866 4363 939 4413 autc
955 4374 1040 4436 saepe
1056 4353 1175 4439 scripsi.
1222 4355 1295 4420 Non

344 4452 481 4516 diffiteor
503 4451 580 4535 quin
604 4449 742 4513 ecclesiae
765 4463 797 4514 et
820 4450 1057 4537 archiepiscopo
1073 4455 1295 4521 Cantuarieusi

344 4554 484 4618 debitam
507 4553 602 4615 fidem
630 4554 833 4627 servaverim,
857 4552 911 4615 sed
938 4575 978 4615 ex
1004 4555 1194 4620 conscientia
1220 4579 1296 4621 cou-

345 4671 394 4719 tra
420 4656 572 4720 bonorem
601 4654 668 4738 regi
698 4652 856 4727 debitum,
884 4667 941 4717 aut
968 4655 1151 4733 utilitatem,
1182 4680 1232 4721 mc
1261 4659 1295 4724 in

343 4758 432 4821 nullo
456 4769 615 4820 versatum
639 4778 708 4818 csse
729 4769 905 4819 monstrare
928 4770 1057 4842 paratus
1082 4781 1164 4834 sum,
1190 4773 1246 4825 aut
1268 4762 1295 4825 si

343 4858 459 4922 alicubi
484 4857 616 4942 deliqui,
634 4857 714 4921 sicut
739 4860 805 4942 regi
828 4871 859 4921 ct
883 4858 1011 4921 domino
1034 4860 1190 4946 condigne
1206 4862 1295 4926 satis-
