3300 6434
352 1246 524 1327 liba-a]
744 1262 923 1313 emmona.
1256 1256 1295 1315 31

347 1414 521 1500 confugere
536 1412 783 1501 compelluntur,
805 1428 842 1478 ut
858 1415 1021 1480 laboribus
1041 1439 1151 1481 eorum
1168 1439 1297 1483 manum

348 1516 571 1583 misericordias
595 1516 774 1603 porrigatis.
821 1518 911 1581 Inter
937 1532 1052 1582 caetera
1073 1520 1235 1584 ecclesiam
1257 1522 1297 1585 de

348 1618 562 1705 tiningeham,
576 1641 672 1705 quam
688 1617 745 1698 eia,
759 1630 887 1704 petente
903 1619 1032 1683 domino
1046 1620 1152 1698 fundi,
1167 1619 1298 1687 donavit

348 1718 496 1786 dominus
519 1719 677 1797 winton,
700 1734 732 1784 et
753 1720 912 1805 gloriosus
934 1721 1078 1785 decessor
1101 1737 1207 1788 vester
1230 1725 1297 1788 Eu·

347 1822 471 1907 genius,
494 1836 623 1888 secutus
648 1823 790 1908 ejusdem
817 1822 938 1887 domini
961 1824 1173 1890 Wintoniensi
1200 1826 1298 1911 scrip-

347 1937 428 2002 tum,
441 1925 501 1989 sub
515 1925 682 2010 privilegio
691 1924 901 1998 confirmavit,
914 1925 946 1988 in
957 1925 1106 2012 injuriam
1116 1926 1298 2013 apostolicae

347 2026 530 2112 majestatis,
552 2041 583 2092 et
604 2026 822 2090 confusionem
853 2041 1033 2090 sanctorum
1049 2049 1204 2091 canonum
1225 2051 1299 2093 oon·

345 2126 419 2192 tulit
450 2139 641 2189 memoratus
675 2126 843 2212 episcopus
873 2125 1000 2190 cuidam
1032 2127 1203 2213 publicano
1232 2129 1298 2193 iere

346 2225 425 2291 laico
440 2227 507 2291 filio
526 2226 708 2298 sacerdotis.
723 2226 779 2312 qui
795 2227 827 2290 iu
848 2249 886 2289 ea
906 2226 1037 2293 ecclesia
1056 2227 1298 2297 ministraveras

346 2326 522 2392 Ecclesiam
540 2348 669 2414 quoque
684 2350 789 2393 eorum
807 2327 848 2392 de
870 2328 1048 2413 Uppetona
1062 2330 1152 2394 miles
1165 2331 1297 2417 quidam

345 2429 565 2496 dissimulante
585 2431 735 2516 episcopo
757 2431 891 2516 impune
906 2432 972 2496 suis
994 2431 1125 2496 decimis
1139 2433 1298 2520 spoliavit.

347 2532 420 2595 Hoc
445 2543 565 2608 autem,
597 2532 812 2617 praepediente
842 2533 1063 2617 magnitudine
1085 2536 1296 2618 quorumdam

339 2633 479 2718 justitiae
495 2632 744 2710 detrahentium,
759 2647 791 2698 et
815 2634 1025 2698 invalescente
1044 2636 1167 2700 malitia
1182 2636 1298 2700 multo·

343 2756 426 2809 rum,
444 2734 504 2799 nisi
519 2744 652 2819 urgente
667 2734 818 2799 mandato
833 2749 939 2800 vestro
953 2758 1018 2799 non
1032 2736 1174 2821 potuerit
1190 2759 1297 2801 emen-

344 2833 424 2901 dari.
469 2836 596 2903 Placeat
621 2859 698 2921 ergo
720 2835 897 2920 dignationi
921 2850 1044 2912 vestrm,
1069 2836 1297 2922 predictorum

345 2936 480 3000 fratrum
497 2959 619 3012 causas,
631 2951 662 3002 et
680 2958 828 3022 personas
839 2938 976 3023 benigne
991 2937 1172 3019 admittere,
1186 2953 1218 3005 et
1233 2941 1297 3007 cito

345 3038 769 3124 remittere,quiatemeritas
779 3062 899 3116 eornm,
908 3040 965 3125 qui
978 3039 1009 3103 iu
1020 3063 1098 3103 usus
1109 3062 1296 3126 pauperum,

345 3137 430 3202 ultra
454 3161 551 3223 quam
574 3138 671 3216 bunc,
702 3138 787 3203 domi
812 3141 1011 3226 expendunt,
1034 3163 1153 3205 moram
1177 3142 1296 3228 refugit

346 3239 529 3325 longiorem.
571 3241 720 3305 Proiecto
733 3241 758 3305 si
768 3239 885 3306 latores
896 3243 1099 3329 praesentium
1110 3242 1297 3308 familiarius

344 3340 564 3428 inspexeritas,
580 3343 756 3408 multarum
770 3367 1022 3431 magnarumque
1044 3343 1202 3408 virtutum
1227 3366 1299 3429 par-

345 3466 420 3508 vum
432 3444 637 3531 hospitiolum
651 3444 683 3509 in
698 3445 799 3512 altero
815 3445 960 3531 poteritis
975 3446 1136 3522 admirari,
1148 3457 1180 3508 et
1196 3466 1297 3527 quam

344 3557 518 3630 utrumque
537 3548 663 3610 caritati
679 3559 792 3612 vestrae
807 3545 1007 3611 commendet
1024 3544 1174 3630 spiritus:
1206 3543 1298 3609 alteri

342 3668 416 3710 caro
441 3660 473 3710 et
496 3646 624 3730 sanguis
649 3648 785 3729 gratiam
812 3644 1021 3729 compacabit.
1068 3644 1173 3708 Prosit
1201 3644 1298 3709 Meri-

345 3748 540 3822 toneusibus,
561 3747 649 3831 quod
665 3747 742 3811 dum
766 3750 875 3812 essetis
894 3748 926 3811 in
947 3745 1079 3813 ecclesia
1102 3745 1186 3810 beati
1206 3747 1297 3824 Rufa,

344 3846 448 3911 bonus
466 3850 545 3912 odor
567 3871 677 3913 eorum
701 3850 742 3914 ad
766 3872 823 3915 vos
838 3870 945 3937 usque
967 3849 1124 3936 pervenit,
1146 3859 1179 3913 et
1208 3848 1297 3935 quod

344 3948 421 4014 mibi
436 3971 526 4015 servo
549 3965 654 4016 vestro
676 3954 910 4018 communicare
927 3951 1048 4019 solebat
1062 3950 1145 4016 inter
1161 3952 1298 4037 loquen-

344 4051 423 4117 dum
440 4052 585 4139 dignatio
601 4065 716 4120 vestra.

509 4291 731 4355 EPlSTOLA
753 4292 967 4354 XXlX.—ro
982 4308 1135 4354 anuoau.

603 4407 738 4470 Domino
753 4408 1032 4489 PapaeAdriano.

390 4549 432 4613 Iu
454 4545 626 4611 amicorum
643 4546 779 4633 negotiis
793 4568 886 4611 aures
906 4545 1082 4609 clementiae
1099 4557 1212 4609 vestrae
1226 4544 1299 4632 pul-

344 4673 415 4716 sare
435 4671 606 4736 praesumo,
629 4649 681 4712 cui
704 4649 787 4713 forte
809 4650 885 4712 satis
907 4670 974 4711 esse
995 4645 1136 4722 debebit,
1159 4646 1185 4711 si
1200 4647 1249 4711 vel
1264 4647 1296 4711 in

344 4750 482 4838 propriis
491 4773 611 4815 merear
626 4749 771 4816 exaudiri
784 4775 791 4813 ε
817 4772 928 4814 verum
944 4748 1025 4812 banc
1040 4748 1202 4815 timiditati
1218 4772 1297 4816 meae

344 4853 524 4919 contulistis
538 4851 715 4933 audaciam,
725 4852 856 4937 quando
870 4874 920 4915 me
931 4850 1127 4916 occasionem
1141 4851 1297 4917 scribendi
