3300 6434
493 1269 559 1330 uto
752 1279 1185 1329 rosssrssaurrsnemussrs
1354 1265 1400 1345 [a
1416 1286 1450 1330 u.

493 1435 601 1498 nullus
611 1431 735 1499 auferre
749 1446 875 1519 potest:
898 1433 1014 1500 adhoc
1028 1436 1116 1499 nulla
1130 1435 1277 1519 proficiet
1287 1434 1452 1515 violentia,

493 1535 656 1619 totiusque
669 1535 889 1601 staudulentiae
903 1548 1040 1600 conanus
1054 1538 1271 1616 evacuabitur,
1287 1538 1339 1600 Eo
1353 1538 1450 1603 mise-

493 1635 658 1700 ricorditer
677 1638 832 1720 largiente
857 1636 1045 1721 proiectum,
1068 1637 1125 1720 qui
1147 1638 1284 1719 gratuita
1303 1639 1449 1704 bonitate

494 1734 635 1802 carimtis
645 1737 738 1802 dedit
748 1738 883 1802 initium.
920 1738 995 1801 Erit
1004 1738 1115 1822 itaque
1130 1738 1327 1819 dignationis
1337 1750 1450 1805 vestrae

494 1841 692 1922 naufragium
702 1840 876 1918 Ecclesiae,
884 1850 917 1904 et
927 1841 1059 1905 exulum
1071 1840 1192 1904 Christi
1204 1840 1448 1919 sollicitudines,

493 1953 527 2005 et
547 1942 683 2019 labores,
698 1941 822 2016 restris,
838 1953 871 2006 et
892 1953 1072 2005 sanctorum
1094 1943 1150 2026 qui
1172 1942 1339 2006 vobiscum
1361 1956 1448 2019 sunt,

493 2043 690 2106 orationibus
703 2044 886 2107 sublevare:
909 2054 945 2106 ut
959 2043 1017 2127 qui
1027 2065 1088 2106 nos
1103 2044 1270 2107 tentationi
1285 2044 1448 2128 expomit,

492 2157 525 2209 ct
546 2166 604 2229 pro
627 2166 662 2208 se
687 2143 832 2229 patiendi
854 2144 991 2209 contulit
1011 2145 1164 2221 animum,
1185 2145 1350 2228 patientiae
1376 2169 1448 2230 per-

491 2247 701 2311 severantiam
726 2247 889 2329 largietur,
913 2247 998 2309 Hoc
1022 2253 1079 2321 eet,
1101 2247 1199 2324 enim,
1220 2250 1343 2329 qratia,
1364 2250 1450 2313 sicut

492 2349 606 2412 Petrus
622 2348 774 2431 loquitur,
789 2358 826 2411 ut
841 2347 960 2411 Christi
982 2359 1016 2411 et
1037 2363 1217 2411 sanctorum
1240 2349 1446 2431 passionibus

490 2451 602 2514 saltem
625 2449 830 2534 aliquatenus
851 2450 1137 2525 communicemus,
1151 2449 1229 2512 certi
1253 2449 1341 2532 quod
1356 2470 1443 2513 com·

489 2551 648 2636 patientes
674 2562 708 2614 et
736 2551 989 2633 conregnabunt.
1036 2550 1204 2632 Numquid
1229 2551 1313 2613 enim
1340 2553 1445 2615 clerus

489 2653 652 2717 institutus
673 2663 724 2716 est
746 2663 782 2716 ut
802 2650 987 2729 comedens,
1000 2651 1126 2726 bibens,
1147 2661 1294 2726 stertens,
1311 2665 1443 2715 mortem

490 2766 651 2836 expectet,
672 2764 706 2817 et
735 2752 828 2816 variis
855 2751 991 2814 luxuriae
1020 2750 1238 2814 incitamentis
1265 2751 1443 2813 inflammet

490 2852 693 2935 gehennom?
724 2851 823 2916 Ridet
836 2850 879 2915 ad
893 2851 963 2915 brec
978 2849 1151 2935 prudentia
1165 2851 1280 2928 caruis,
1293 2863 1326 2914 et
1346 2852 1443 2934 perfi-

491 2955 603 3018 dorum
618 2956 751 3019 vocibus
765 2955 786 3019 J
788 2953 950 3017 udaeonrm
964 2953 1108 3029 insultat,
1118 2964 1151 3015 et
1164 2952 1326 3016 maledicit
1340 2952 1370 3015 ei
1386 2953 1442 3036 qui

490 3076 564 3119 cum
579 3055 708 3121 Christo
722 3056 844 3139 pendet
858 3055 890 3117 in
906 3054 1012 3136 ligno:
1036 3052 1093 3117 sed
1109 3053 1246 3131 interim,
1255 3053 1351 3138 juxta
1366 3053 1445 3117 vsti-

491 3158 611 3223 ciuium
627 3158 779 3233 Deborae,
792 3176 878 3219 noca
899 3155 979 3218 tetta
994 3154 1136 3236 disponit
1150 3153 1323 3233 Dominus,
1333 3161 1447 3237 portae

491 3260 631 3322 hodium
646 3260 716 3339 ipse
728 3257 895 3320 mboertit.

513 3530 733 3596 EPISTOLA
757 3531 933 3595 CLL—au
948 3545 1122 3591 rrrcosaurr
1139 3546 1182 3591 os
1199 3547 1316 3592 uours
1333 3549 1358 3592 s.
1375 3547 1411 3591 rr.

852 3631 898 3712 [s.
916 3650 947 3694 n.
967 3629 1075 3710 llus]

748 3765 885 3829 Nicolao
906 3766 947 3828 de
959 3764 1074 3828 Monte
1087 3764 1125 3829 S.
1141 3764 1188 3827 H.

534 3878 565 3939 N
567 3895 643 3940 ovrr
658 3880 838 3944 fraternitas
849 3891 904 3944 tua
919 3900 1016 3964 quam
1030 3880 1188 3963 patienter
1203 3880 1447 3944 sustinuerimus

490 3977 617 4055 damna,
628 3978 760 4063 iujurias
776 3989 809 4042 et
823 3982 1036 4044 contumelias
1051 3981 1147 4045 nobis
1162 3992 1195 4043 et
1208 3980 1325 4043 nostris
1340 3981 1446 4044 illatas

490 4103 510 4145 a
530 4079 736 4145 dilectissimo
760 4080 892 4143 domino
908 4091 1017 4144 nostro
1032 4083 1144 4146 illustri
1168 4103 1242 4162 rege
1257 4081 1444 4160 Anglorum.

491 4180 566 4267 Ipse
586 4193 692 4247 autem
717 4185 836 4246 ebusus
859 4182 1014 4266 patientia
1038 4194 1147 4247 nostra
1169 4181 1211 4245 ad
1234 4180 1445 4245 sanctissimae

488 4285 678 4348 matrissuae
701 4284 847 4368 prorupit
861 4280 1005 4370 injurias,
1021 4305 1171 4367 sponsam
1186 4281 1348 4366 loquimur
1362 4281 1445 4346 Cru-

488 4386 591 4465 cifixi,
614 4396 646 4450 ct
668 4385 757 4450 illam
782 4408 847 4451 non
872 4399 920 4450 est
939 4387 1058 4450 veritus
1083 4387 1245 4462 ancillare,
1269 4405 1327 4467 pro
1352 4383 1445 4468 cujus

487 4488 674 4553 liberatione
713 4488 814 4551 Filius
845 4487 909 4550 Dei
939 4488 1101 4551 Dominus
1129 4499 1230 4551 morte
1260 4485 1445 4569 turpissima

488 4590 587 4653 voluit
610 4589 827 4654 condemnari.
873 4588 1061 4653 Monuimus
1084 4611 1157 4652 eum
1182 4590 1299 4673 saepius
1322 4588 1443 4651 affectu

488 4691 599 4774 patris,
609 4689 673 4754 fide
686 4691 828 4754 Domino
841 4690 951 4754 debita
962 4691 1225 4773 supplicavimus,
1234 4689 1446 4773 corripuimus

488 4792 673 4857 auctoritate
700 4793 854 4876 pastoris:
886 4794 954 4876 ipse
979 4802 1085 4856 autem
1111 4791 1146 4854 in
1172 4812 1310 4875 persona
1335 4799 1446 4853 nostra

488 4897 609 4970 patrem
625 4912 718 4954 suum
732 4891 843 4955 itidem
861 4888 988 4954 fidelem
1004 4883 1209 4973 contempsit,
1224 4899 1257 4952 et
1271 4898 1444 4971 pastorem,
