3300 6434
358 1235 553 1316 1159-qu
736 1253 914 1298 uersnonnr.
1268 1235 1307 1295 ⁴1

353 1399 468 1488 planet,
484 1403 621 1489 benigne
635 1402 822 1481 admittatis,
837 1401 1039 1489 etjustitiam
1055 1424 1144 1466 suam
1161 1401 1306 1488 benigni·

353 1516 418 1569 tate
439 1504 531 1569 solita
550 1503 694 1590 expediri
715 1501 917 1589 praecipiatis.
951 1501 1005 1565 Vir
1025 1505 1108 1566 enim
1133 1516 1253 1579 tantus,
1273 1515 1306 1567 et

352 1605 408 1689 qui
430 1605 461 1669 in
484 1628 523 1669 eo
543 1615 689 1668 versetur
709 1600 824 1680 officio,
843 1624 916 1667 cum
939 1602 1146 1667 indemnitate
1166 1599 1306 1666 ecclesias

353 1728 420 1771 suae
435 1705 610 1771 diuabesse
624 1724 687 1770 non
702 1703 831 1790 poterit.
862 1702 1024 1789 Quicquid
1034 1716 1141 1767 autem
1157 1701 1304 1788 estquod

294 1835 296 1839 ·
351 1806 505 1871 adversus
526 1829 613 1884 eum,
629 1806 693 1870 imo
710 1817 821 1871 contra
841 1818 981 1871 sanctam
1006 1806 1184 1869 Romanam
1205 1801 1303 1869 eccle·

352 1906 429 1972 siam
443 1920 675 1996 praesumptum
687 1930 754 1973 esse
765 1905 921 1983 videritis,
932 1906 1015 1971 illud
1026 1920 1156 1971 auctore
1166 1904 1305 1969 Domino

349 2007 516 2074 clementia
531 2021 635 2074 vestra
649 2006 681 2071 in
698 2006 811 2072 melius
826 2006 1022 2072 reformabit.

386 2313 610 2381 EPISTOLA
632 2315 880 2380 XXXIX—su
893 2332 1128 2379 unumunurn
1145 2332 1265 2379 eursu.

667 2466 853 2529 Alexandro
868 2467 982 2548 Papo.

393 2615 648 2679 &cannarum
672 2612 852 2679 sanctitatis
874 2624 988 2677 vestrae
1012 2635 1067 2677 eos
1090 2613 1193 2679 tutius
1216 2638 1300 2681 com-

351 2714 500 2780 mendare
521 2716 756 2802 praesumimus,
772 2736 855 2801 quos
873 2715 936 2779 fide
950 2727 983 2780 et
996 2715 1129 2781 caritate
1146 2714 1300 2794 illustres,

350 2817 418 2881 vita
439 2831 471 2881 et
494 2817 639 2882 moribus
662 2816 810 2882 novimus
831 2815 1019 2903 regulariter
1038 2839 1105 2882 esse
1126 2815 1301 2885 institutos.

351 2917 481 2983 Placeat
509 2919 620 3005 itaque
656 2921 828 2985 successori
865 2918 950 2982 beati
985 2918 1084 2995 Petri,
1114 2919 1240 3005 injuriis
1268 2933 1300 2986 et

351 3017 572 3082 vexationibus
595 3039 774 3104 pauperum
798 3016 947 3093 fratrum,
970 3020 1003 3082 in
1030 3018 1160 3084 ecclesia
1183 3033 1300 3087 sanctae

351 3118 459 3183 Osidae
475 3118 606 3205 virginis
627 3118 660 3183 in
684 3119 796 3184 habitu
820 3116 960 3204 regulari
983 3117 1134 3184 devotum
1159 3123 1300 3186 Domino

348 3219 538 3286 famulatum
554 3221 765 3297 exibentium,
776 3218 951 3307 apostolica
960 3219 1094 3306 dignum
1109 3222 1300 3287 auctoritate

347 3322 498 3388 adbibere
512 3324 699 3389 remedium.
744 3322 887 3388 Ecclesia
902 3320 1031 3410 quidem
1048 3321 1102 3386 illa
1116 3322 1187 3388 luce
1201 3323 1299 3389 bono-

346 3447 417 3489 rum
435 3447 568 3512 operum
584 3442 616 3491 et
631 3426 800 3511 religionis,
816 3425 1000 3509 integritate
1016 3422 1102 3502 ritae,
1118 3447 1154 3488 ac
1169 3446 1299 3488 conser-

347 3528 478 3593 sationis
493 3529 671 3605 sanctitate,
688 3541 787 3593 totam
803 3525 938 3591 insulam
955 3537 1092 3588 nostram
1108 3524 1251 3603 irradiat,
1266 3541 1299 3591 et

346 3629 520 3709 ecclesiam,
547 3650 620 3713 quoe
643 3628 730 3713 apud
761 3649 819 3692 nos
849 3640 909 3703 est,
940 3629 972 3690 in
1003 3635 1127 3690 tantum
1158 3624 1299 3692 caritatis

345 3729 479 3793 adornat
493 3729 656 3814 exemplis,
672 3742 709 3793 ut
728 3751 797 3793 eam
813 3728 927 3792 merito
942 3727 1100 3813 majestati
1115 3726 1298 3812 apostolicae

346 3828 480 3894 debeam
501 3829 730 3894 commendare.
787 3830 889 3894 Lator
910 3828 1035 3908 horum,
1058 3827 1138 3893 Abel
1160 3828 1298 3906 nomine,

346 3931 485 3996 ecclesiae
495 3931 582 3996 illius
593 3933 703 4013 abbas,
714 3955 734 3996 a
745 3929 916 3997 venerabili
929 3931 1028 3996 fratre
1038 3938 1146 3995 nostro
1158 3930 1298 3996 Ricardo

345 4032 448 4098 Lond.
464 4034 625 4120 episcopo,
637 4035 834 4120 sumptibus,
845 4031 1067 4097 vexationibus
1077 4032 1245 4116 fatigatus,
1255 4032 1296 4098 ad

345 4135 499 4201 auxilium
523 4135 745 4201 misericordia
768 4148 882 4200 vestrae
903 4134 1075 4219 confugere
1096 4155 1221 4198 necesse
1244 4134 1298 4199 ba-

345 4236 426 4301 buit.
474 4239 513 4301 ln
528 4261 654 4303 causam
672 4260 811 4322 namque
825 4259 845 4299 a
860 4236 995 4321 proefato
1012 4234 1161 4321 episcopo
1176 4245 1297 4300 tractus

344 4350 392 4400 est
421 4359 518 4423 super
545 4338 737 4423 quibusdam
775 4337 915 4402 ecclesiis
943 4336 985 4399 ad
1014 4335 1175 4399 ecclesiam
1206 4358 1295 4400 suam

343 4437 513 4502 donatione
540 4438 670 4503 Ricardi
703 4439 794 4501 bonae
823 4437 984 4500 memoriae
1015 4435 1120 4499 Lond.
1145 4434 1295 4522 episcopi,

344 4539 524 4605 fundatoris
545 4540 687 4626 ejusdem
709 4538 860 4614 ecclesiae,
883 4537 940 4621 qui
966 4550 1103 4621 quartus
1124 4549 1198 4601 ante
1220 4560 1292 4602 eum

345 4643 376 4706 in
408 4641 536 4706 ecclesia
565 4641 649 4707 beati
680 4639 774 4707 Pauli
804 4638 966 4715 militavit,
995 4636 1171 4702 devolutis:
1205 4639 1293 4702 char-

235 4828 237 4832 .
346 4755 409 4808 tam
433 4768 563 4831 quoque
586 4745 718 4811 illustris
739 4742 823 4829 regis
848 4739 981 4805 Henrici
1003 4741 1108 4827 primi,
1130 4753 1162 4805 et
1182 4741 1294 4805 confir·

345 4845 513 4909 mationem
541 4848 644 4926 bonae,
663 4843 818 4930 jucundae
842 4839 1067 4906 recordationis
1092 4839 1174 4905 Rad.
1200 4842 1295 4905 Cant.
