<?xml version="1.0" encoding="UTF-8"?>
<!DOCTYPE html PUBLIC "-//W3C//DTD XHTML 1.0 Transitional//EN"
    "http://www.w3.org/TR/xhtml1/DTD/xhtml1-transitional.dtd">
<html xmlns="http://www.w3.org/1999/xhtml" xml:lang="en" lang="en">
 <head>
  <title>
</title>
<meta http-equiv="Content-Type" content="text/html;charset=utf-8" />
  <meta name='ocr-system' content='tesseract 3.04.00' />
  <meta name='ocr-capabilities' content='ocr_page ocr_carea ocr_par ocr_line ocrx_word'/>
</head>
<body>
  <div class='ocr_page' id='page_1' title='image "./joannissaresber14johngoog_0106.png"; bbox 0 0 3300 6434; ppageno 0'>
   <div class='ocr_carea' id='block_1_1' title="bbox 342 1247 1303 1327">
    <p class='ocr_par' dir='ltr' id='par_1_1' title="bbox 342 1247 1303 1327">
     <span class='ocr_line' id='line_1_1' title="bbox 342 1247 1303 1327; baseline 0.003 -17"><span class='ocrx_word' id='word_1_1' title='bbox 342 1252 384 1310; x_wconf 77' lang='grc'><strong>86</strong></span> <span class='ocrx_word' id='word_1_2' title='bbox 604 1262 739 1308; x_wconf 69' lang='lat' dir='ltr'><strong>sossius</strong></span> <span class='ocrx_word' id='word_1_3' title='bbox 756 1263 1035 1308; x_wconf 71' lang='lat' dir='ltr'><strong>sunssssruunsrs</strong></span> <span class='ocrx_word' id='word_1_4' title='bbox 1206 1247 1253 1327; x_wconf 75' lang='grc' dir='ltr'><strong>[Δ.</strong></span> <span class='ocrx_word' id='word_1_5' title='bbox 1271 1269 1303 1313; x_wconf 87' lang='lat' dir='ltr'><strong>u.</strong></span> 
     </span>
    </p>
   </div>
   <div class='ocr_carea' id='block_1_2' title="bbox 348 1413 1349 3925">
    <p class='ocr_par' dir='ltr' id='par_1_2' title="bbox 348 1413 1349 3925">
     <span class='ocr_line' id='line_1_2' title="bbox 348 1413 1305 1499; baseline 0.002 -21"><span class='ocrx_word' id='word_1_6' title='bbox 348 1414 389 1478; x_wconf 84' lang='lat' dir='ltr'><strong>sd</strong></span> <span class='ocrx_word' id='word_1_7' title='bbox 420 1414 673 1499; x_wconf 76' lang='lat' dir='ltr'><strong>presbyterorum</strong></span> <span class='ocrx_word' id='word_1_8' title='bbox 703 1413 846 1485; x_wconf 83' lang='lat' dir='ltr'><strong>accessit,</strong></span> <span class='ocrx_word' id='word_1_9' title='bbox 874 1426 981 1477; x_wconf 80' lang='lat' dir='ltr'><strong>votum</strong></span> <span class='ocrx_word' id='word_1_10' title='bbox 1008 1415 1211 1480; x_wconf 66' lang='lat' dir='ltr'><strong>continenti-&lt;s</strong></span> <span class='ocrx_word' id='word_1_11' title='bbox 1239 1416 1305 1481; x_wconf 85' lang='lat' dir='ltr'><strong>dia·</strong></span> 
     </span>
     <span class='ocr_line' id='line_1_3' title="bbox 350 1512 1306 1601; baseline 0.004 -23"><span class='ocrx_word' id='word_1_12' title='bbox 350 1512 499 1578; x_wconf 80' lang='lat' dir='ltr'><strong>simulare</strong></span> <span class='ocrx_word' id='word_1_13' title='bbox 519 1535 581 1575; x_wconf 89' lang='lat' dir='ltr'><strong>uon</strong></span> <span class='ocrx_word' id='word_1_14' title='bbox 601 1527 718 1599; x_wconf 84' lang='lat' dir='ltr'><strong>potest,</strong></span> <span class='ocrx_word' id='word_1_15' title='bbox 733 1533 833 1599; x_wconf 90' lang='lat' dir='ltr'><strong>quum</strong></span> <span class='ocrx_word' id='word_1_16' title='bbox 852 1512 933 1577; x_wconf 88' lang='lat' dir='ltr'><strong>illud</strong></span> <span class='ocrx_word' id='word_1_17' title='bbox 956 1531 1013 1579; x_wconf 88' lang='lat' dir='ltr'><strong>aut</strong></span> <span class='ocrx_word' id='word_1_18' title='bbox 1032 1538 1232 1601; x_wconf 81' lang='lat' dir='ltr'><strong>expressum,</strong></span> <span class='ocrx_word' id='word_1_19' title='bbox 1247 1533 1306 1583; x_wconf 86' lang='lat' dir='ltr'><strong>aut</strong></span> 
     </span>
     <span class='ocr_line' id='line_1_4' title="bbox 351 1613 1307 1690; baseline 0.004 -11"><span class='ocrx_word' id='word_1_20' title='bbox 351 1615 498 1690; x_wconf 85' lang='lat' dir='ltr'><strong>tacitum,</strong></span> <span class='ocrx_word' id='word_1_21' title='bbox 526 1613 621 1677; x_wconf 86' lang='lat' dir='ltr'><strong>etiarn</strong></span> <span class='ocrx_word' id='word_1_22' title='bbox 651 1613 856 1678; x_wconf 78' lang='lat' dir='ltr'><strong>diaconorum</strong></span> <span class='ocrx_word' id='word_1_23' title='bbox 886 1614 1076 1679; x_wconf 86' lang='lat' dir='ltr'><strong>ordinationi</strong></span> <span class='ocrx_word' id='word_1_24' title='bbox 1105 1640 1146 1680; x_wconf 81' lang='lat' dir='ltr'><strong>ex</strong></span> <span class='ocrx_word' id='word_1_25' title='bbox 1176 1618 1307 1683; x_wconf 86' lang='lat' dir='ltr'><strong>decretu</strong></span> 
     </span>
     <span class='ocr_line' id='line_1_5' title="bbox 354 1714 1309 1801; baseline 0.001 -19"><span class='ocrx_word' id='word_1_26' title='bbox 354 1715 487 1782; x_wconf 80' lang='lat' dir='ltr'><strong>Martini</strong></span> <span class='ocrx_word' id='word_1_27' title='bbox 503 1737 596 1801; x_wconf 78' lang='lat' dir='ltr'><strong>pspoe</strong></span> <span class='ocrx_word' id='word_1_28' title='bbox 606 1714 760 1779; x_wconf 83' lang='lat' dir='ltr'><strong>doceatur</strong></span> <span class='ocrx_word' id='word_1_29' title='bbox 772 1717 936 1779; x_wconf 89' lang='lat' dir='ltr'><strong>insertum.</strong></span> <span class='ocrx_word' id='word_1_30' title='bbox 968 1717 1022 1780; x_wconf 80' lang='lat' dir='ltr'><strong>Ait</strong></span> <span class='ocrx_word' id='word_1_31' title='bbox 1036 1717 1133 1793; x_wconf 85' lang='lat' dir='ltr'><strong>euim,</strong></span> <span class='ocrx_word' id='word_1_32' title='bbox 1144 1718 1309 1783; x_wconf 85' lang='lat' dir='ltr'><strong>Diaoouua</strong></span> 
     </span>
     <span class='ocr_line' id='line_1_6' title="bbox 354 1816 1309 1905; baseline -0.001 -21"><span class='ocrx_word' id='word_1_33' title='bbox 354 1818 409 1905; x_wconf 89' lang='lat' dir='ltr'><strong>qui</strong></span> <span class='ocrx_word' id='word_1_34' title='bbox 443 1816 585 1900; x_wconf 78' lang='lat' dir='ltr'><strong>eiigitur,</strong></span> <span class='ocrx_word' id='word_1_35' title='bbox 614 1817 641 1881; x_wconf 87' lang='lat' dir='ltr'><strong>si</strong></span> <span class='ocrx_word' id='word_1_36' title='bbox 673 1828 870 1881; x_wconf 74' lang='lat' dir='ltr'><strong>contestatus</strong></span> <span class='ocrx_word' id='word_1_37' title='bbox 901 1817 999 1881; x_wconf 84' lang='lat' dir='ltr'><strong>suerit</strong></span> <span class='ocrx_word' id='word_1_38' title='bbox 1033 1840 1093 1904; x_wconf 88' lang='lat' dir='ltr'><strong>pro</strong></span> <span class='ocrx_word' id='word_1_39' title='bbox 1124 1818 1309 1904; x_wconf 86' lang='lat' dir='ltr'><strong>aooipiendo</strong></span> 
     </span>
     <span class='ocr_line' id='line_1_7' title="bbox 356 1918 1308 1994; baseline 0.003 -11"><span class='ocrx_word' id='word_1_40' title='bbox 356 1918 568 1994; x_wconf 82' lang='lat' dir='ltr'><strong>matrimonio,</strong></span> <span class='ocrx_word' id='word_1_41' title='bbox 593 1932 625 1983; x_wconf 88' lang='lat' dir='ltr'><strong>et</strong></span> <span class='ocrx_word' id='word_1_42' title='bbox 656 1941 688 1981; x_wconf 84' lang='lat' dir='ltr'><strong>se</strong></span> <span class='ocrx_word' id='word_1_43' title='bbox 717 1918 835 1982; x_wconf 83' lang='lat' dir='ltr'><strong>dixerit</strong></span> <span class='ocrx_word' id='word_1_44' title='bbox 861 1918 892 1981; x_wconf 91' lang='lat' dir='ltr'><strong>in</strong></span> <span class='ocrx_word' id='word_1_45' title='bbox 917 1920 1065 1984; x_wconf 79' lang='lat' dir='ltr'><strong>castitate</strong></span> <span class='ocrx_word' id='word_1_46' title='bbox 1091 1942 1219 1985; x_wconf 83' lang='lat' dir='ltr'><strong>manere</strong></span> <span class='ocrx_word' id='word_1_47' title='bbox 1244 1943 1308 1986; x_wconf 88' lang='lat' dir='ltr'><strong>uon</strong></span> 
     </span>
     <span class='ocr_line' id='line_1_8' title="bbox 355 2016 1310 2104; baseline 0.006 -24"><span class='ocrx_word' id='word_1_48' title='bbox 355 2040 457 2104; x_wconf 83' lang='lat' dir='ltr'><strong>posse,</strong></span> <span class='ocrx_word' id='word_1_49' title='bbox 484 2018 535 2081; x_wconf 87' lang='lat' dir='ltr'><strong>hio</strong></span> <span class='ocrx_word' id='word_1_50' title='bbox 560 2039 622 2081; x_wconf 89' lang='lat' dir='ltr'><strong>nou</strong></span> <span class='ocrx_word' id='word_1_51' title='bbox 647 2016 823 2081; x_wconf 81' lang='lat' dir='ltr'><strong>ordinetur.</strong></span> <span class='ocrx_word' id='word_1_52' title='bbox 878 2018 972 2095; x_wconf 81' lang='lat' dir='ltr'><strong>Quod</strong></span> <span class='ocrx_word' id='word_1_53' title='bbox 1001 2021 1026 2083; x_wconf 92' lang='lat' dir='ltr'><strong>si</strong></span> <span class='ocrx_word' id='word_1_54' title='bbox 1053 2020 1085 2083; x_wconf 90' lang='lat' dir='ltr'><strong>iu</strong></span> <span class='ocrx_word' id='word_1_55' title='bbox 1110 2020 1310 2086; x_wconf 84' lang='lat' dir='ltr'><strong>ordinatione</strong></span> 
     </span>
     <span class='ocr_line' id='line_1_9' title="bbox 354 2118 1309 2205; baseline 0.002 -19"><span class='ocrx_word' id='word_1_56' title='bbox 354 2120 500 2199; x_wconf 74' lang='lat' dir='ltr'><strong>tacuerit,</strong></span> <span class='ocrx_word' id='word_1_57' title='bbox 518 2134 549 2183; x_wconf 90' lang='lat' dir='ltr'><strong>et</strong></span> <span class='ocrx_word' id='word_1_58' title='bbox 569 2118 737 2184; x_wconf 83' lang='lat' dir='ltr'><strong>ordinatus</strong></span> <span class='ocrx_word' id='word_1_59' title='bbox 755 2119 866 2196; x_wconf 84' lang='lat' dir='ltr'><strong>suerit,</strong></span> <span class='ocrx_word' id='word_1_60' title='bbox 887 2133 920 2184; x_wconf 90' lang='lat' dir='ltr'><strong>et</strong></span> <span class='ocrx_word' id='word_1_61' title='bbox 943 2136 1054 2205; x_wconf 84' lang='lat' dir='ltr'><strong>postea</strong></span> <span class='ocrx_word' id='word_1_62' title='bbox 1073 2122 1309 2189; x_wconf 71' lang='lat' dir='ltr'><strong>matrimonium</strong></span> 
     </span>
     <span class='ocr_line' id='line_1_10' title="bbox 356 2218 1312 2301; baseline 0.006 -16"><span class='ocrx_word' id='word_1_63' title='bbox 356 2220 594 2297; x_wconf 85' lang='lat' dir='ltr'><strong>desideraverit,</strong></span> <span class='ocrx_word' id='word_1_64' title='bbox 622 2220 662 2285; x_wconf 91' lang='lat' dir='ltr'><strong>sit</strong></span> <span class='ocrx_word' id='word_1_65' title='bbox 692 2218 815 2284; x_wconf 83' lang='lat' dir='ltr'><strong>alienus</strong></span> <span class='ocrx_word' id='word_1_66' title='bbox 843 2244 863 2284; x_wconf 85' lang='lat' dir='ltr'><strong>a</strong></span> <span class='ocrx_word' id='word_1_67' title='bbox 891 2222 1079 2301; x_wconf 86' lang='lat' dir='ltr'><strong>ministerio,</strong></span> <span class='ocrx_word' id='word_1_68' title='bbox 1109 2240 1142 2290; x_wconf 84' lang='lat' dir='ltr'><strong>et</strong></span> <span class='ocrx_word' id='word_1_69' title='bbox 1172 2241 1262 2291; x_wconf 85' lang='lat' dir='ltr'><strong>vsoet</strong></span> <span class='ocrx_word' id='word_1_70' title='bbox 1291 2250 1312 2291; x_wconf 84' lang='lat' dir='ltr'><strong>a</strong></span> 
     </span>
     <span class='ocr_line' id='line_1_11' title="bbox 356 2320 1312 2411; baseline 0.006 -26"><span class='ocrx_word' id='word_1_71' title='bbox 356 2320 449 2386; x_wconf 84' lang='lat' dir='ltr'><strong>clero.</strong></span> <span class='ocrx_word' id='word_1_72' title='bbox 494 2321 655 2384; x_wconf 74' lang='lat' dir='ltr'><strong>Coumnot</strong></span> <span class='ocrx_word' id='word_1_73' title='bbox 674 2320 749 2383; x_wconf 85' lang='lat' dir='ltr'><strong>huic</strong></span> <span class='ocrx_word' id='word_1_74' title='bbox 764 2335 796 2385; x_wconf 92' lang='lat' dir='ltr'><strong>et</strong></span> <span class='ocrx_word' id='word_1_75' title='bbox 813 2325 891 2397; x_wconf 68' lang='lat' dir='ltr'><strong>leo,</strong></span> <span class='ocrx_word' id='word_1_76' title='bbox 907 2322 987 2386; x_wconf 87' lang='lat' dir='ltr'><strong>tuba</strong></span> <span class='ocrx_word' id='word_1_77' title='bbox 1000 2324 1148 2398; x_wconf 83' lang='lat' dir='ltr'><strong>ooeiestis,</strong></span> <span class='ocrx_word' id='word_1_78' title='bbox 1163 2325 1221 2411; x_wconf 91' lang='lat' dir='ltr'><strong>qui</strong></span> <span class='ocrx_word' id='word_1_79' title='bbox 1237 2328 1312 2391; x_wconf 88' lang='lat' dir='ltr'><strong>sub-</strong></span> 
     </span>
     <span class='ocr_line' id='line_1_12' title="bbox 356 2419 1313 2500; baseline 0.007 -16"><span class='ocrx_word' id='word_1_80' title='bbox 356 2419 542 2485; x_wconf 80' lang='lat' dir='ltr'><strong>diaoonittus</strong></span> <span class='ocrx_word' id='word_1_81' title='bbox 560 2425 685 2484; x_wconf 75' lang='lat' dir='ltr'><strong>narnate</strong></span> <span class='ocrx_word' id='word_1_82' title='bbox 707 2421 868 2485; x_wconf 82' lang='lat' dir='ltr'><strong>interdicit</strong></span> <span class='ocrx_word' id='word_1_83' title='bbox 885 2423 1093 2500; x_wconf 81' lang='lat' dir='ltr'><strong>oonuubium,</strong></span> <span class='ocrx_word' id='word_1_84' title='bbox 1109 2439 1142 2490; x_wconf 88' lang='lat' dir='ltr'><strong>et</strong></span> <span class='ocrx_word' id='word_1_85' title='bbox 1162 2426 1313 2491; x_wconf 86' lang='lat' dir='ltr'><strong>omnibus</strong></span> 
     </span>
     <span class='ocr_line' id='line_1_13' title="bbox 356 2520 1312 2591; baseline 0.005 -5"><span class='ocrx_word' id='word_1_86' title='bbox 356 2520 453 2586; x_wconf 77' lang='lat' dir='ltr'><strong>sacris</strong></span> <span class='ocrx_word' id='word_1_87' title='bbox 487 2520 654 2586; x_wconf 86' lang='lat' dir='ltr'><strong>ordinibus</strong></span> <span class='ocrx_word' id='word_1_88' title='bbox 690 2520 930 2586; x_wconf 85' lang='lat' dir='ltr'><strong>sincerissimam</strong></span> <span class='ocrx_word' id='word_1_89' title='bbox 967 2524 1162 2588; x_wconf 77' lang='lat' dir='ltr'><strong>castimoniae</strong></span> <span class='ocrx_word' id='word_1_90' title='bbox 1198 2526 1312 2591; x_wconf 83' lang='lat' dir='ltr'><strong>indicit</strong></span> 
     </span>
     <span class='ocr_line' id='line_1_14' title="bbox 358 2622 1312 2713; baseline 0.006 -28"><span class='ocrx_word' id='word_1_91' title='bbox 358 2622 542 2710; x_wconf 83' lang='lat' dir='ltr'><strong>puritatem.</strong></span> <span class='ocrx_word' id='word_1_92' title='bbox 603 2623 709 2686; x_wconf 87' lang='lat' dir='ltr'><strong>Erunt</strong></span> <span class='ocrx_word' id='word_1_93' title='bbox 746 2623 848 2706; x_wconf 75' lang='lat' dir='ltr'><strong>igitur</strong></span> <span class='ocrx_word' id='word_1_94' title='bbox 884 2623 917 2686; x_wconf 88' lang='lat' dir='ltr'><strong>hi</strong></span> <span class='ocrx_word' id='word_1_95' title='bbox 955 2640 1112 2711; x_wconf 81' lang='lat' dir='ltr'><strong>perpetuo</strong></span> <span class='ocrx_word' id='word_1_96' title='bbox 1146 2628 1312 2713; x_wconf 71' lang='lat' dir='ltr'><strong>conjuges,</strong></span> 
     </span>
     <span class='ocr_line' id='line_1_15' title="bbox 357 2722 1314 2812; baseline 0.004 -25"><span class='ocrx_word' id='word_1_97' title='bbox 357 2724 452 2788; x_wconf 85' lang='lat' dir='ltr'><strong>etiam</strong></span> <span class='ocrx_word' id='word_1_98' title='bbox 474 2722 625 2807; x_wconf 76' lang='lat' dir='ltr'><strong>separati,</strong></span> <span class='ocrx_word' id='word_1_99' title='bbox 648 2734 679 2785; x_wconf 88' lang='lat' dir='ltr'><strong>et</strong></span> <span class='ocrx_word' id='word_1_100' title='bbox 703 2725 735 2786; x_wconf 91' lang='lat' dir='ltr'><strong>iu</strong></span> <span class='ocrx_word' id='word_1_101' title='bbox 756 2723 908 2808; x_wconf 75' lang='lat' dir='ltr'><strong>ooujugio</strong></span> <span class='ocrx_word' id='word_1_102' title='bbox 931 2725 1038 2810; x_wconf 87' lang='lat' dir='ltr'><strong>positi,</strong></span> <span class='ocrx_word' id='word_1_103' title='bbox 1061 2740 1214 2812; x_wconf 76' lang='lat' dir='ltr'><strong>tanquam</strong></span> <span class='ocrx_word' id='word_1_104' title='bbox 1238 2749 1314 2792; x_wconf 89' lang='lat' dir='ltr'><strong>con-</strong></span> 
     </span>
     <span class='ocr_line' id='line_1_16' title="bbox 354 2824 1314 2913; baseline 0.004 -24"><span class='ocrx_word' id='word_1_105' title='bbox 354 2826 484 2913; x_wconf 75' lang='lat' dir='ltr'><strong>jugium</strong></span> <span class='ocrx_word' id='word_1_106' title='bbox 507 2846 569 2887; x_wconf 88' lang='lat' dir='ltr'><strong>non</strong></span> <span class='ocrx_word' id='word_1_107' title='bbox 593 2824 755 2899; x_wconf 85' lang='lat' dir='ltr'><strong>habentes,</strong></span> <span class='ocrx_word' id='word_1_108' title='bbox 771 2825 1021 2912; x_wconf 85' lang='lat' dir='ltr'><strong>manebuntque,</strong></span> <span class='ocrx_word' id='word_1_109' title='bbox 1037 2843 1163 2893; x_wconf 86' lang='lat' dir='ltr'><strong>aroante</strong></span> <span class='ocrx_word' id='word_1_110' title='bbox 1182 2851 1216 2893; x_wconf 88' lang='lat' dir='ltr'><strong>se</strong></span> <span class='ocrx_word' id='word_1_111' title='bbox 1238 2842 1314 2893; x_wconf 84' lang='lat' dir='ltr'><strong>voto</strong></span> 
     </span>
     <span class='ocr_line' id='line_1_17' title="bbox 358 2923 1313 3015; baseline 0 -24"><span class='ocrx_word' id='word_1_112' title='bbox 358 2923 573 3002; x_wconf 73' lang='lat' dir='ltr'><strong>continentiae,</strong></span> <span class='ocrx_word' id='word_1_113' title='bbox 597 2928 651 2989; x_wconf 85' lang='lat' dir='ltr'><strong>oui</strong></span> <span class='ocrx_word' id='word_1_114' title='bbox 675 2924 810 3007; x_wconf 70' lang='lat' dir='ltr'><strong>obligati</strong></span> <span class='ocrx_word' id='word_1_115' title='bbox 835 2940 921 3003; x_wconf 88' lang='lat' dir='ltr'><strong>suut,</strong></span> <span class='ocrx_word' id='word_1_116' title='bbox 943 2942 1101 3014; x_wconf 86' lang='lat' dir='ltr'><strong>perpetuo</strong></span> <span class='ocrx_word' id='word_1_117' title='bbox 1127 2928 1313 3015; x_wconf 80' lang='lat' dir='ltr'><strong>singulares.</strong></span> 
     </span>
     <span class='ocr_line' id='line_1_18' title="bbox 360 3027 1314 3113; baseline 0.001 -21"><span class='ocrx_word' id='word_1_118' title='bbox 360 3027 454 3107; x_wconf 79' lang='lat' dir='ltr'><strong>Quod</strong></span> <span class='ocrx_word' id='word_1_119' title='bbox 469 3028 496 3091; x_wconf 89' lang='lat' dir='ltr'><strong>si</strong></span> <span class='ocrx_word' id='word_1_120' title='bbox 510 3027 550 3091; x_wconf 88' lang='lat' dir='ltr'><strong>sd</strong></span> <span class='ocrx_word' id='word_1_121' title='bbox 566 3048 648 3113; x_wconf 84' lang='lat' dir='ltr'><strong>opus</strong></span> <span class='ocrx_word' id='word_1_122' title='bbox 660 3027 795 3090; x_wconf 78' lang='lat' dir='ltr'><strong>carnalis</strong></span> <span class='ocrx_word' id='word_1_123' title='bbox 809 3028 988 3092; x_wconf 88' lang='lat' dir='ltr'><strong>oommeroii</strong></span> <span class='ocrx_word' id='word_1_124' title='bbox 1006 3030 1090 3094; x_wconf 78' lang='lat' dir='ltr'><strong>forte</strong></span> <span class='ocrx_word' id='word_1_125' title='bbox 1111 3030 1273 3111; x_wconf 87' lang='lat' dir='ltr'><strong>redierint,</strong></span> <span class='ocrx_word' id='word_1_126' title='bbox 1288 3030 1314 3094; x_wconf 88' lang='lat' dir='ltr'><strong>si</strong></span> 
     </span>
     <span class='ocr_line' id='line_1_19' title="bbox 360 3127 1316 3215; baseline 0 -22"><span class='ocrx_word' id='word_1_127' title='bbox 360 3127 492 3215; x_wconf 86' lang='lat' dir='ltr'><strong>quidem</strong></span> <span class='ocrx_word' id='word_1_128' title='bbox 520 3149 640 3204; x_wconf 65' lang='lat' dir='ltr'><strong>mcum,</strong></span> <span class='ocrx_word' id='word_1_129' title='bbox 667 3128 733 3193; x_wconf 85' lang='lat' dir='ltr'><strong>voti</strong></span> <span class='ocrx_word' id='word_1_130' title='bbox 763 3128 874 3201; x_wconf 77' lang='lat' dir='ltr'><strong>fracti;</strong></span> <span class='ocrx_word' id='word_1_131' title='bbox 906 3128 931 3192; x_wconf 88' lang='lat' dir='ltr'><strong>si</strong></span> <span class='ocrx_word' id='word_1_132' title='bbox 958 3150 1031 3192; x_wconf 87' lang='lat' dir='ltr'><strong>oum</strong></span> <span class='ocrx_word' id='word_1_133' title='bbox 1057 3130 1140 3207; x_wconf 87' lang='lat' dir='ltr'><strong>aliis,</strong></span> <span class='ocrx_word' id='word_1_134' title='bbox 1166 3130 1316 3195; x_wconf 71' lang='lat' dir='ltr'><strong>adulterii</strong></span> 
     </span>
     <span class='ocr_line' id='line_1_20' title="bbox 361 3229 1318 3317; baseline 0 -22"><span class='ocrx_word' id='word_1_135' title='bbox 361 3244 484 3295; x_wconf 83' lang='lat' dir='ltr'><strong>reatum</strong></span> <span class='ocrx_word' id='word_1_136' title='bbox 511 3229 685 3294; x_wconf 81' lang='lat' dir='ltr'><strong>incurrent.</strong></span> <span class='ocrx_word' id='word_1_137' title='bbox 731 3229 799 3293; x_wconf 88' lang='lat' dir='ltr'><strong>Neo</strong></span> <span class='ocrx_word' id='word_1_138' title='bbox 825 3230 858 3293; x_wconf 93' lang='lat' dir='ltr'><strong>in</strong></span> <span class='ocrx_word' id='word_1_139' title='bbox 884 3253 922 3293; x_wconf 89' lang='lat' dir='ltr'><strong>eo</strong></span> <span class='ocrx_word' id='word_1_140' title='bbox 943 3231 1081 3316; x_wconf 77' lang='lat' dir='ltr'><strong>juratur</strong></span> <span class='ocrx_word' id='word_1_141' title='bbox 1108 3232 1318 3317; x_wconf 70' lang='lat' dir='ltr'><strong>prmsumptio</strong></span> 
     </span>
     <span class='ocr_line' id='line_1_21' title="bbox 360 3330 1317 3418; baseline -0.001 -20"><span class='ocrx_word' id='word_1_142' title='bbox 360 3330 541 3413; x_wconf 67' lang='lat' dir='ltr'><strong>moerdotis,</strong></span> <span class='ocrx_word' id='word_1_143' title='bbox 556 3330 643 3418; x_wconf 87' lang='lat' dir='ltr'><strong>quod</strong></span> <span class='ocrx_word' id='word_1_144' title='bbox 659 3331 701 3395; x_wconf 87' lang='lat' dir='ltr'><strong>ab</strong></span> <span class='ocrx_word' id='word_1_145' title='bbox 719 3331 790 3416; x_wconf 88' lang='lat' dir='ltr'><strong>ipso</strong></span> <span class='ocrx_word' id='word_1_146' title='bbox 805 3331 1048 3417; x_wconf 86' lang='lat' dir='ltr'><strong>jusjurandum,</strong></span> <span class='ocrx_word' id='word_1_147' title='bbox 1064 3344 1101 3396; x_wconf 91' lang='lat' dir='ltr'><strong>ut</strong></span> <span class='ocrx_word' id='word_1_148' title='bbox 1120 3353 1154 3395; x_wconf 86' lang='lat' dir='ltr'><strong>se</strong></span> <span class='ocrx_word' id='word_1_149' title='bbox 1173 3346 1317 3418; x_wconf 88' lang='lat' dir='ltr'><strong>tempore</strong></span> 
     </span>
     <span class='ocr_line' id='line_1_22' title="bbox 360 3430 1317 3510; baseline 0 -12"><span class='ocrx_word' id='word_1_150' title='bbox 360 3433 515 3498; x_wconf 85' lang='lat' dir='ltr'><strong>oootracti</strong></span> <span class='ocrx_word' id='word_1_151' title='bbox 534 3431 726 3497; x_wconf 85' lang='lat' dir='ltr'><strong>matrimonii</strong></span> <span class='ocrx_word' id='word_1_152' title='bbox 748 3430 980 3496; x_wconf 84' lang='lat' dir='ltr'><strong>subdiaoonum</strong></span> <span class='ocrx_word' id='word_1_153' title='bbox 999 3432 1098 3497; x_wconf 77' lang='lat' dir='ltr'><strong>fuisse</strong></span> <span class='ocrx_word' id='word_1_154' title='bbox 1118 3432 1257 3510; x_wconf 84' lang='lat' dir='ltr'><strong>doceret,</strong></span> <span class='ocrx_word' id='word_1_155' title='bbox 1275 3456 1317 3497; x_wconf 86' lang='lat' dir='ltr'><strong>ex</strong></span> 
     </span>
     <span class='ocr_line' id='line_1_23' title="bbox 360 3533 1318 3621; baseline 0 -22"><span class='ocrx_word' id='word_1_156' title='bbox 360 3535 537 3601; x_wconf 69' lang='lat' dir='ltr'><strong>abundanti</strong></span> <span class='ocrx_word' id='word_1_157' title='bbox 562 3533 740 3621; x_wconf 64' lang='lat' dir='ltr'><strong>secessistis,</strong></span> <span class='ocrx_word' id='word_1_158' title='bbox 763 3556 866 3619; x_wconf 91' lang='lat' dir='ltr'><strong>quum</strong></span> <span class='ocrx_word' id='word_1_159' title='bbox 892 3533 953 3597; x_wconf 84' lang='lat' dir='ltr'><strong>hoo</strong></span> <span class='ocrx_word' id='word_1_160' title='bbox 974 3533 1061 3599; x_wconf 86' lang='lat' dir='ltr'><strong>solua</strong></span> <span class='ocrx_word' id='word_1_161' title='bbox 1081 3538 1262 3611; x_wconf 70' lang='lat' dir='ltr'><strong>meruerit,</strong></span> <span class='ocrx_word' id='word_1_162' title='bbox 1283 3548 1318 3599; x_wconf 91' lang='lat' dir='ltr'><strong>et</strong></span> 
     </span>
     <span class='ocr_line' id='line_1_24' title="bbox 361 3632 1317 3722; baseline -0.001 -20"><span class='ocrx_word' id='word_1_163' title='bbox 361 3635 565 3722; x_wconf 79' lang='lat' dir='ltr'><strong>postmodum</strong></span> <span class='ocrx_word' id='word_1_164' title='bbox 580 3636 613 3700; x_wconf 93' lang='lat' dir='ltr'><strong>iu</strong></span> <span class='ocrx_word' id='word_1_165' title='bbox 629 3635 800 3722; x_wconf 79' lang='lat' dir='ltr'><strong>praeseutia</strong></span> <span class='ocrx_word' id='word_1_166' title='bbox 812 3632 935 3698; x_wconf 90' lang='lat' dir='ltr'><strong>domiui</strong></span> <span class='ocrx_word' id='word_1_167' title='bbox 953 3634 1170 3711; x_wconf 76' lang='lat' dir='ltr'><strong>Cioestrensis,</strong></span> <span class='ocrx_word' id='word_1_168' title='bbox 1186 3650 1224 3702; x_wconf 93' lang='lat' dir='ltr'><strong>ut</strong></span> <span class='ocrx_word' id='word_1_169' title='bbox 1239 3637 1317 3701; x_wconf 78' lang='lat' dir='ltr'><strong>seri·</strong></span> 
     </span>
     <span class='ocr_line' id='line_1_25' title="bbox 361 3733 1349 3821; baseline 0 -20"><span class='ocrx_word' id='word_1_170' title='bbox 361 3737 449 3811; x_wconf 73' lang='lat' dir='ltr'><strong>bitis,</strong></span> <span class='ocrx_word' id='word_1_171' title='bbox 471 3755 505 3800; x_wconf 83' lang='lat' dir='ltr'><strong>ae</strong></span> <span class='ocrx_word' id='word_1_172' title='bbox 523 3736 680 3821; x_wconf 75' lang='lat' dir='ltr'><strong>dejerasse</strong></span> <span class='ocrx_word' id='word_1_173' title='bbox 697 3733 859 3799; x_wconf 81' lang='lat' dir='ltr'><strong>oonfessus</strong></span> <span class='ocrx_word' id='word_1_174' title='bbox 878 3734 937 3808; x_wconf 75' lang='lat' dir='ltr'><strong>sit3</strong></span> <span class='ocrx_word' id='word_1_175' title='bbox 966 3748 1004 3799; x_wconf 92' lang='lat' dir='ltr'><strong>ut</strong></span> <span class='ocrx_word' id='word_1_176' title='bbox 1023 3758 1081 3799; x_wconf 86' lang='lat' dir='ltr'><strong>neo</strong></span> <span class='ocrx_word' id='word_1_177' title='bbox 1101 3736 1220 3802; x_wconf 82' lang='lat' dir='ltr'><strong>dicenti</strong></span> <span class='ocrx_word' id='word_1_178' title='bbox 1240 3736 1326 3801; x_wconf 80' lang='lat' dir='ltr'><strong>fides</strong></span> <span class='ocrx_word' id='word_1_179' title='bbox 1345 3775 1349 3783; x_wconf 93' lang='lat'><em>-</em></span> 
     </span>
     <span class='ocr_line' id='line_1_26' title="bbox 363 3835 1320 3925; baseline 0.003 -25"><span class='ocrx_word' id='word_1_180' title='bbox 363 3836 510 3901; x_wconf 74' lang='lat' dir='ltr'><strong>habendo</strong></span> <span class='ocrx_word' id='word_1_181' title='bbox 537 3836 591 3911; x_wconf 84' lang='lat' dir='ltr'><strong>ait,</strong></span> <span class='ocrx_word' id='word_1_182' title='bbox 615 3857 674 3899; x_wconf 87' lang='lat' dir='ltr'><strong>uec</strong></span> <span class='ocrx_word' id='word_1_183' title='bbox 703 3835 845 3922; x_wconf 82' lang='lat' dir='ltr'><strong>neganti,</strong></span> <span class='ocrx_word' id='word_1_184' title='bbox 875 3835 936 3899; x_wconf 86' lang='lat' dir='ltr'><strong>nisi</strong></span> <span class='ocrx_word' id='word_1_185' title='bbox 967 3851 1004 3901; x_wconf 92' lang='lat' dir='ltr'><strong>ut</strong></span> <span class='ocrx_word' id='word_1_186' title='bbox 1033 3836 1191 3903; x_wconf 87' lang='lat' dir='ltr'><strong>consessio</strong></span> <span class='ocrx_word' id='word_1_187' title='bbox 1220 3839 1320 3925; x_wconf 83' lang='lat' dir='ltr'><strong>ipsius</strong></span> 
     </span>
    </p>
   </div>
   <div class='ocr_carea' id='block_1_3' title="bbox 365 3934 1412 4003">
    <p class='ocr_par' dir='ltr' id='par_1_3' title="bbox 365 3934 1412 4003">
     <span class='ocr_line' id='line_1_27' title="bbox 365 3934 1412 4003; baseline 0.002 -2"><span class='ocrx_word' id='word_1_188' title='bbox 365 3949 475 4001; x_wconf 83' lang='lat' dir='ltr'><strong>oontra</strong></span> <span class='ocrx_word' id='word_1_189' title='bbox 490 3935 673 3999; x_wconf 78' lang='lat' dir='ltr'><strong>secundem</strong></span> <span class='ocrx_word' id='word_1_190' title='bbox 689 3936 825 4000; x_wconf 75' lang='lat' dir='ltr'><strong>sufficiat</strong></span> <span class='ocrx_word' id='word_1_191' title='bbox 839 3934 1060 4001; x_wconf 82' lang='lat' dir='ltr'><strong>condemnare.</strong></span> <span class='ocrx_word' id='word_1_192' title='bbox 1099 3939 1132 4002; x_wconf 87' lang='lat' dir='ltr'><strong>Si</strong></span> <span class='ocrx_word' id='word_1_193' title='bbox 1147 3939 1231 4002; x_wconf 90' lang='lat' dir='ltr'><strong>enim</strong></span> <span class='ocrx_word' id='word_1_194' title='bbox 1246 3940 1321 4003; x_wconf 87' lang='lat' dir='ltr'><strong>sub-</strong></span> <span class='ocrx_word' id='word_1_195' title='bbox 1409 3989 1412 3994; x_wconf 89' lang='lat'>.</span> 
     </span>
    </p>
   </div>
   <div class='ocr_carea' id='block_1_4' title="bbox 364 4036 1325 4933">
    <p class='ocr_par' dir='ltr' id='par_1_4' title="bbox 364 4036 1325 4933">
     <span class='ocr_line' id='line_1_28' title="bbox 365 4036 1320 4123; baseline 0.001 -21"><span class='ocrx_word' id='word_1_196' title='bbox 365 4036 517 4102; x_wconf 83' lang='lat' dir='ltr'><strong>diaconus</strong></span> <span class='ocrx_word' id='word_1_197' title='bbox 537 4048 617 4111; x_wconf 83' lang='lat' dir='ltr'><strong>erat,</strong></span> <span class='ocrx_word' id='word_1_198' title='bbox 639 4037 822 4123; x_wconf 89' lang='lat' dir='ltr'><strong>puniendus</strong></span> <span class='ocrx_word' id='word_1_199' title='bbox 844 4052 893 4101; x_wconf 89' lang='lat' dir='ltr'><strong>est</strong></span> <span class='ocrx_word' id='word_1_200' title='bbox 915 4052 1116 4122; x_wconf 85' lang='lat' dir='ltr'><strong>contemptor</strong></span> <span class='ocrx_word' id='word_1_201' title='bbox 1138 4039 1271 4117; x_wconf 80' lang='lat' dir='ltr'><strong>ordinis,</strong></span> <span class='ocrx_word' id='word_1_202' title='bbox 1294 4040 1320 4103; x_wconf 89' lang='lat' dir='ltr'><strong>si</strong></span> 
     </span>
     <span class='ocr_line' id='line_1_29' title="bbox 364 4137 1321 4224; baseline 0 -21"><span class='ocrx_word' id='word_1_203' title='bbox 364 4154 427 4203; x_wconf 92' lang='lat' dir='ltr'><strong>non</strong></span> <span class='ocrx_word' id='word_1_204' title='bbox 453 4154 534 4216; x_wconf 83' lang='lat' dir='ltr'><strong>emt,</strong></span> <span class='ocrx_word' id='word_1_205' title='bbox 556 4157 649 4224; x_wconf 81' lang='lat' dir='ltr'><strong>oeque</strong></span> <span class='ocrx_word' id='word_1_206' title='bbox 674 4139 862 4223; x_wconf 75' lang='lat' dir='ltr'><strong>plectendus</strong></span> <span class='ocrx_word' id='word_1_207' title='bbox 885 4151 936 4203; x_wconf 83' lang='lat' dir='ltr'><strong>est</strong></span> <span class='ocrx_word' id='word_1_208' title='bbox 957 4137 1134 4224; x_wconf 73' lang='lat' dir='ltr'><strong>conjugalis</strong></span> <span class='ocrx_word' id='word_1_209' title='bbox 1155 4137 1230 4201; x_wconf 84' lang='lat' dir='ltr'><strong>fidei</strong></span> <span class='ocrx_word' id='word_1_210' title='bbox 1254 4139 1321 4203; x_wconf 90' lang='lat' dir='ltr'><strong>vio·</strong></span> 
     </span>
     <span class='ocr_line' id='line_1_30' title="bbox 364 4238 1321 4326; baseline -0.001 -22"><span class='ocrx_word' id='word_1_211' title='bbox 364 4241 458 4320; x_wconf 89' lang='lat' dir='ltr'><strong>lator,</strong></span> <span class='ocrx_word' id='word_1_212' title='bbox 469 4259 508 4303; x_wconf 81' lang='lat' dir='ltr'><strong>oo</strong></span> <span class='ocrx_word' id='word_1_213' title='bbox 523 4238 652 4324; x_wconf 89' lang='lat' dir='ltr'><strong>quidem</strong></span> <span class='ocrx_word' id='word_1_214' title='bbox 669 4241 770 4325; x_wconf 83' lang='lat' dir='ltr'><strong>magis</strong></span> <span class='ocrx_word' id='word_1_215' title='bbox 784 4264 850 4326; x_wconf 92' lang='lat' dir='ltr'><strong>quo</strong></span> <span class='ocrx_word' id='word_1_216' title='bbox 865 4238 1013 4304; x_wconf 85' lang='lat' dir='ltr'><strong>secundis</strong></span> <span class='ocrx_word' id='word_1_217' title='bbox 1028 4238 1161 4324; x_wconf 84' lang='lat' dir='ltr'><strong>nuptiis,</strong></span> <span class='ocrx_word' id='word_1_218' title='bbox 1173 4239 1199 4302; x_wconf 88' lang='lat' dir='ltr'><strong>si</strong></span> <span class='ocrx_word' id='word_1_219' title='bbox 1214 4260 1321 4305; x_wconf 84' lang='lat' dir='ltr'><strong>tamen</strong></span> 
     </span>
     <span class='ocr_line' id='line_1_31' title="bbox 366 4339 1321 4427; baseline 0.001 -24"><span class='ocrx_word' id='word_1_220' title='bbox 366 4341 488 4427; x_wconf 74' lang='lat' dir='ltr'><strong>nuptiae</strong></span> <span class='ocrx_word' id='word_1_221' title='bbox 510 4352 584 4402; x_wconf 86' lang='lat' dir='ltr'><strong>sunt</strong></span> <span class='ocrx_word' id='word_1_222' title='bbox 604 4339 762 4420; x_wconf 72' lang='lat' dir='ltr'><strong>dicendos,</strong></span> <span class='ocrx_word' id='word_1_223' title='bbox 783 4361 911 4403; x_wconf 82' lang='lat' dir='ltr'><strong>oausam</strong></span> <span class='ocrx_word' id='word_1_224' title='bbox 939 4340 1026 4404; x_wconf 86' lang='lat' dir='ltr'><strong>visus</strong></span> <span class='ocrx_word' id='word_1_225' title='bbox 1051 4353 1100 4403; x_wconf 85' lang='lat' dir='ltr'><strong>est</strong></span> <span class='ocrx_word' id='word_1_226' title='bbox 1126 4342 1321 4424; x_wconf 61' lang='lat' dir='ltr'><strong>praestitisse.</strong></span> 
     </span>
     <span class='ocr_line' id='line_1_32' title="bbox 367 4438 1323 4524; baseline -0.002 -20"><span class='ocrx_word' id='word_1_227' title='bbox 367 4441 415 4504; x_wconf 87' lang='lat' dir='ltr'><strong>Ut</strong></span> <span class='ocrx_word' id='word_1_228' title='bbox 435 4440 519 4504; x_wconf 85' lang='lat' dir='ltr'><strong>enim</strong></span> <span class='ocrx_word' id='word_1_229' title='bbox 542 4438 587 4501; x_wconf 84' lang='lat' dir='ltr'><strong>ait</strong></span> <span class='ocrx_word' id='word_1_230' title='bbox 614 4443 649 4501; x_wconf 80' lang='grc' dir='ltr'><strong>Β.</strong></span> <span class='ocrx_word' id='word_1_231' title='bbox 676 4440 881 4524; x_wconf 81' lang='lat' dir='ltr'><strong>Augustinus</strong></span> <span class='ocrx_word' id='word_1_232' title='bbox 900 4440 932 4503; x_wconf 92' lang='lat' dir='ltr'><strong>in</strong></span> <span class='ocrx_word' id='word_1_233' title='bbox 956 4439 1039 4504; x_wconf 92' lang='lat' dir='ltr'><strong>libro</strong></span> <span class='ocrx_word' id='word_1_234' title='bbox 1061 4440 1102 4503; x_wconf 91' lang='lat' dir='ltr'><strong>de</strong></span> <span class='ocrx_word' id='word_1_235' title='bbox 1125 4439 1323 4504; x_wconf 85' lang='lat' dir='ltr'><strong>Adulteriuis</strong></span> 
     </span>
     <span class='ocr_line' id='line_1_33' title="bbox 367 4538 1324 4626; baseline -0.003 -18"><span class='ocrx_word' id='word_1_236' title='bbox 367 4539 547 4626; x_wconf 72' lang='lat' dir='ltr'><strong>conjugiis,</strong></span> <span class='ocrx_word' id='word_1_237' title='bbox 565 4539 598 4602; x_wconf 93' lang='lat' dir='ltr'><strong>Si</strong></span> <span class='ocrx_word' id='word_1_238' title='bbox 614 4553 650 4604; x_wconf 90' lang='lat' dir='ltr'><strong>tu</strong></span> <span class='ocrx_word' id='word_1_239' title='bbox 664 4538 804 4604; x_wconf 75' lang='lat' dir='ltr'><strong>abstines</strong></span> <span class='ocrx_word' id='word_1_240' title='bbox 819 4538 887 4604; x_wconf 86' lang='lat' dir='ltr'><strong>siue</strong></span> <span class='ocrx_word' id='word_1_241' title='bbox 902 4543 1011 4605; x_wconf 85' lang='lat' dir='ltr'><strong>uxoris</strong></span> <span class='ocrx_word' id='word_1_242' title='bbox 1024 4541 1199 4622; x_wconf 84' lang='lat' dir='ltr'><strong>voluntate,</strong></span> <span class='ocrx_word' id='word_1_243' title='bbox 1209 4543 1324 4605; x_wconf 84' lang='lat' dir='ltr'><strong>tribuis</strong></span> 
     </span>
     <span class='ocr_line' id='line_1_34' title="bbox 366 4640 1325 4727; baseline 0 -22"><span class='ocrx_word' id='word_1_244' title='bbox 366 4640 396 4705; x_wconf 88' lang='lat' dir='ltr'><strong>ei</strong></span> <span class='ocrx_word' id='word_1_245' title='bbox 416 4640 593 4705; x_wconf 77' lang='lat' dir='ltr'><strong>fornicandi</strong></span> <span class='ocrx_word' id='word_1_246' title='bbox 614 4640 785 4716; x_wconf 83' lang='lat' dir='ltr'><strong>licentiam,</strong></span> <span class='ocrx_word' id='word_1_247' title='bbox 801 4655 834 4704; x_wconf 93' lang='lat' dir='ltr'><strong>et</strong></span> <span class='ocrx_word' id='word_1_248' title='bbox 855 4656 1023 4724; x_wconf 81' lang='lat' dir='ltr'><strong>peccatum</strong></span> <span class='ocrx_word' id='word_1_249' title='bbox 1042 4642 1127 4706; x_wconf 85' lang='lat' dir='ltr'><strong>iilius</strong></span> <span class='ocrx_word' id='word_1_250' title='bbox 1142 4654 1206 4707; x_wconf 82' lang='lat' dir='ltr'><strong>tuae</strong></span> <span class='ocrx_word' id='word_1_251' title='bbox 1222 4642 1325 4727; x_wconf 87' lang='lat' dir='ltr'><strong>impu·</strong></span> 
     </span>
     <span class='ocr_line' id='line_1_35' title="bbox 369 4740 1324 4824; baseline -0.003 -17"><span class='ocrx_word' id='word_1_252' title='bbox 369 4743 490 4807; x_wconf 86' lang='lat' dir='ltr'><strong>tabitur</strong></span> <span class='ocrx_word' id='word_1_253' title='bbox 506 4740 716 4804; x_wconf 77' lang='lat' dir='ltr'><strong>abstinentias.</strong></span> <span class='ocrx_word' id='word_1_254' title='bbox 760 4740 848 4817; x_wconf 80' lang='lat' dir='ltr'><strong>Quid</strong></span> <span class='ocrx_word' id='word_1_255' title='bbox 873 4762 960 4824; x_wconf 80' lang='lat' dir='ltr'><strong>ergo,</strong></span> <span class='ocrx_word' id='word_1_256' title='bbox 984 4744 1008 4806; x_wconf 87' lang='lat' dir='ltr'><strong>si</strong></span> <span class='ocrx_word' id='word_1_257' title='bbox 1032 4743 1171 4807; x_wconf 85' lang='lat' dir='ltr'><strong>deseris?</strong></span> <span class='ocrx_word' id='word_1_258' title='bbox 1197 4743 1324 4824; x_wconf 88' lang='lat' dir='ltr'><strong>quidsi</strong></span> 
     </span>
     <span class='ocr_line' id='line_1_36' title="bbox 369 4843 1324 4933; baseline -0.003 -24"><span class='ocrx_word' id='word_1_259' title='bbox 369 4844 519 4910; x_wconf 65' lang='lat' dir='ltr'><strong>decennio</strong></span> <span class='ocrx_word' id='word_1_260' title='bbox 535 4856 588 4907; x_wconf 88' lang='lat' dir='ltr'><strong>uut</strong></span> <span class='ocrx_word' id='word_1_261' title='bbox 605 4844 741 4926; x_wconf 81' lang='lat' dir='ltr'><strong>amplius</strong></span> <span class='ocrx_word' id='word_1_262' title='bbox 757 4843 988 4928; x_wconf 81' lang='lat' dir='ltr'><strong>peregrinaris?</strong></span> <span class='ocrx_word' id='word_1_263' title='bbox 1012 4846 1091 4933; x_wconf 86' lang='lat' dir='ltr'><strong>quid</strong></span> <span class='ocrx_word' id='word_1_264' title='bbox 1110 4845 1135 4908; x_wconf 91' lang='lat' dir='ltr'><strong>si</strong></span> <span class='ocrx_word' id='word_1_265' title='bbox 1153 4859 1324 4918; x_wconf 79' lang='lat' dir='ltr'><strong>revertens,</strong></span> 
     </span>
    </p>
   </div>
   <div class='ocr_carea' id='block_1_5' title="bbox 0 0 1688 6434">
    <p class='ocr_par' dir='ltr' id='par_1_5' title="bbox 0 0 1688 6434">
     <span class='ocr_line' id='line_1_37' title="bbox 0 0 1688 6434; baseline 0 0"><span class='ocrx_word' id='word_1_266' title='bbox 0 0 1688 6434; x_wconf 95' lang='lat' dir='ltr'><strong> </strong></span> 
     </span>
    </p>
   </div>
  </div>
 </body>
</html>
