3300 6434
356 1118 463 1202 Udo]
736 1134 914 1203 aersromr.
1239 1126 1301 1185 308

351 1293 523 1378 posthanc
546 1292 815 1376 conspirationem
830 1313 944 1355 eorum
965 1290 1134 1374 quisquam
1150 1292 1181 1353 in
1204 1312 1299 1374 grege

350 1392 486 1458 Domini
514 1393 630 1457 audeat
658 1393 801 1475 vigilare,
828 1405 860 1456 et
881 1393 1029 1475 luporum
1058 1391 1302 1470 imminentium,

350 1495 588 1580 praedicationis
605 1496 711 1559 officio
727 1496 912 1577 propulsare
928 1494 1071 1556 sororem.

394 1598 449 1662 Ait
471 1597 622 1661 Salomon
644 1598 678 1660 in
703 1597 894 1675 Proverbiis,
918 1597 993 1680 quia
1015 1596 1128 1658 melior
1154 1603 1203 1658 est
1227 1595 1301 1659 finis

349 1700 512 1771 orationis,
528 1721 621 1781 quam
645 1699 857 1782 principium:
881 1699 939 1763 sed
953 1699 1097 1782 prolecto
1117 1698 1192 1761 finis
1206 1697 1302 1780 hujus

349 1799 508 1884 principio
533 1799 670 1864 deterior
691 1811 753 1865 est:
786 1801 814 1863 si
837 1800 969 1883 quidem
992 1800 1026 1862 in
1049 1798 1141 1862 initio
1165 1800 1300 1862 salutem

346 1911 470 1984 optant,
485 1900 672 1984 pmfitentur
692 1901 921 1979 obedientiam,
936 1910 970 1965 et
988 1900 1110 1964 utinam
1130 1910 1299 1984 utrumque

350 2000 498 2078 fideliter,
511 2014 546 2065 ut
559 2011 671 2065 contra
682 2001 933 2085 prohibitionem
945 2000 1079 2064 Domini
1087 2021 1153 2064 non
1165 2000 1299 2082 loquan-

349 2113 399 2166 tur
427 2103 612 2166 benacum
638 2102 798 2187 proximo,
822 2115 855 2166 et
880 2103 965 2165 mala
993 2102 1057 2165 sint
1087 2102 1120 2165 in
1151 2099 1302 2165 cordibus

348 2223 474 2267 eorum:
499 2202 635 2267 subinde
657 2224 790 2282 amaras,
810 2202 867 2268 sed
892 2203 978 2266 unde
1002 2202 1120 2285 gratias
1138 2201 1299 2284 agendum

348 2315 397 2367 est
413 2305 495 2368 Deo.
541 2305 661 2382 Falsas,
671 2316 703 2368 et
719 2326 799 2389 quaa
813 2304 960 2387 captivus
975 2324 994 2367 a
1008 2303 1120 2387 piratis
1134 2303 1299 2367 consuevit

346 2406 367 2438 ‘⁸
384 2416 530 2487 porrecto
545 2405 654 2470 aridire
662 2405 808 2490 jugulo,”
824 2408 1000 2469 subtexunt
1014 2405 1170 2480 historias,
1182 2405 1299 2488 quihus

341 2505 526 2590 justificant
540 2527 669 2569 causam
685 2506 787 2588 impii,
801 2517 834 2569 et
855 2505 968 2569 dicunt
988 2506 1106 2567 bonum
1122 2505 1251 2577 malum,
1267 2516 1300 2567 et

346 2608 465 2669 malum
495 2608 635 2669 bonum:
674 2606 759 2669 unde
789 2605 918 2670 tandem
948 2627 1006 2689 per
1038 2605 1299 2689 consequentiam

344 2706 476 2769 rationis
491 2705 657 2770 videantur
673 2707 805 2770 inferre:
830 2707 919 2769 Reus
943 2718 993 2770 est
1013 2707 1133 2780 mortis,
1149 2706 1205 2789 qui
1221 2726 1298 2770 con·

345 2804 474 2869 tradicit
488 2805 617 2869 Caesari.
650 2806 768 2869 Nonne
783 2807 849 2882 ille,
860 2826 955 2889 quem
971 2805 1185 2888 praefigurarit
1199 2803 1299 2869 Achi-

345 2904 467 2987 tophel,
490 2903 593 2968 Judas
617 2905 760 2988 proditor
788 2926 853 2967 non
880 2904 975 2968 modo
1001 2905 1127 2969 Judaeis
1156 2906 1188 2967 in
1217 2926 1297 2970 neco

346 3003 477 3080 Christi,
492 3003 549 3066 sed
564 3015 595 3067 et
609 3002 730 3067 Scribis
746 3005 862 3067 nostris
877 3015 909 3067 et
924 3003 1094 3066 Pharisaeis
1108 3003 1298 3085 proditionis

345 3116 379 3168 et
400 3105 562 3189 parricidii
586 3105 770 3188 relinquens
793 3107 987 3189 exemplum,
1002 3103 1044 3169 sd
1065 3104 1227 3170 Christum
1249 3105 1295 3169 sic

345 3208 490 3283 accessit,
517 3207 628 3270 humili
655 3207 843 3270 salutatione
874 3208 1034 3271 honorans
1058 3206 1235 3271 Dominum
1264 3216 1297 3270 at

345 3308 546 3390 Magistrum,
566 3308 688 3386 dicens,
711 3312 775 3372 Are
796 3308 915 3385 Rubbi,
938 3309 967 3371 ei
987 3329 1084 3393 quem
1104 3309 1201 3371 serbo
1224 3326 1295 3391 pro·

345 3409 450 3486 debat,
466 3422 499 3473 ct
520 3409 651 3478 osculor
676 3420 708 3471 et
727 3407 866 3472 subinde
888 3429 962 3472 cum
983 3407 1098 3488 gladiis
1113 3419 1145 3470 et
1160 3408 1296 3473 fustibus

343 3509 490 3585 militum,
513 3507 629 3590 quibus
654 3506 707 3569 isti
734 3508 803 3571 freti
828 3519 913 3584 sunt,
935 3505 1053 3588 fugatis
1075 3507 1243 3590 discipulis
1264 3520 1297 3571 et

343 3609 506 3692 dispersis,
530 3609 624 3671 trusit
649 3606 691 3671 ad
718 3608 884 3692 Principes
913 3609 1133 3685 Sacerdotum,
1163 3621 1199 3673 ut
1227 3610 1294 3674 illio

342 3717 535 3789 argueretur,
558 3719 591 3769 et
612 3726 632 3769 a
653 3706 740 3770 salsis
763 3707 1005 3771 convinceretur
1024 3708 1170 3786 testibus,
1192 3719 1294 3792 pater·

343 3824 412 3880 nas,
434 3825 506 3887 quse
531 3815 564 3867 et
591 3824 721 3867 avorum
745 3814 829 3884 sunt,
852 3827 1005 3870 evacuare
1030 3807 1128 3888 leges,
1153 3817 1186 3870 et
1207 3809 1295 3889 leges

343 3905 481 3969 Caesaris
512 3905 711 3988 impugnare,
733 3906 808 3990 quia
830 3928 918 3971 suam
949 3907 1089 3970 Domino
1112 3907 1294 3988 imaginem,

342 4006 480 4071 deducta
494 4009 617 4071 ratione
634 4008 783 4084 Caesaris,
798 4008 936 4073 docebat
950 4029 1020 4071 esse
1035 4007 1242 4083 reddendam,
1258 4018 1294 4071 ut

341 4127 414 4171 reus
438 4105 596 4171 videretur
619 4108 802 4190 impietatis,
825 4108 901 4189 quia
927 4108 1172 4189 obloquebatur,
1192 4110 1291 4172 recla-

343 4208 462 4280 mabat,
478 4207 543 4270 imo
558 4208 757 4290 repugnabat
771 4206 943 4290 iniquitati.

385 4308 509 4371 Dicunt
521 4307 604 4380 haec,
620 4306 678 4370 sed
699 4327 762 4391 qua
783 4307 992 4383 conscientia,
1007 4306 1121 4371 viderit
1136 4307 1294 4373 Dominus

341 4422 376 4474 at
383 4407 519 4495 judicet
565 4407 740 4472 Dominum
762 4428 869 4488 regem
890 4428 954 4470 non
979 4406 1108 4491 quidem
1130 4430 1294 4492 nunqnam

342 4531 494 4595 peccasse
509 4508 655 4586 dicimus,
669 4508 727 4572 sed
742 4529 868 4592 semper
881 4519 1028 4592 paratum
1046 4510 1188 4574 Domino
1203 4512 1293 4577 satis·

340 4611 445 4675 facere
457 4609 659 4674 confidenter
668 4609 806 4673 dicimus
818 4621 850 4673 et
865 4608 1090 4692 predicamus.
1127 4612 1294 4697 Numquid

343 4731 408 4773 non
429 4709 525 4774 facies
544 4708 716 4771 meretricis
730 4709 816 4771 facta
837 4720 886 4770 cst
905 4708 962 4786 eis,
977 4719 1009 4772 et
1023 4711 1109 4773 frons
1124 4709 1293 4777 adamanta
