3300 6434
353 1248 553 1328 Hau—60]
760 1267 940 1313 nersronn.
1267 1255 1309 1312 89

347 1428 548 1484 contemnere
564 1420 618 1506 qui
635 1420 719 1485 misit
736 1418 837 1483 illum.
869 1421 1006 1493 Cetera,
1022 1440 1095 1504 qua
1110 1418 1151 1481 ad
1167 1440 1304 1504 praesen·

348 1529 411 1582 tem
423 1519 594 1585 articulum
607 1521 778 1606 pertinent,
790 1519 872 1584 lator
885 1521 1091 1605 praesentium
1105 1520 1222 1605 poterit
1232 1520 1305 1584 viva

348 1642 424 1685 vooe
440 1622 637 1689 commodius
652 1620 786 1708 aperire.

505 1918 732 1995 EPISTOLA
754 1918 1018 1983 XXXVII.-an
1035 1965 1143 1981 .....

690 2067 816 2131 Electio
831 2068 960 2130 oblatu.

391 2220 575 2283 Pastorum
600 2217 744 2281 absentia
766 2217 816 2280 vel
843 2216 1038 2302 negligentia
1062 2226 1182 2282 tantam
1207 2217 1304 2282 infert

347 2319 486 2384 ecclesiis
496 2320 654 2384 laesionem
672 2335 708 2384 ut
720 2319 808 2406 quod
821 2318 927 2396 facile,
937 2331 994 2383 aut
1005 2319 1093 2383 brevi
1104 2331 1257 2404 tempore,
1271 2319 1305 2383 in

346 2422 488 2486 moribus
510 2434 567 2487 aut
589 2422 684 2486 rebus
708 2421 812 2506 periit,
837 2422 893 2485 vix
916 2441 1033 2506 magno
1057 2419 1176 2497 labore,
1201 2421 1304 2485 multa

347 2521 522 2606 vigilantis,
553 2522 648 2608 longo
676 2523 828 2610 temporis
858 2523 960 2609 spatio
990 2522 1092 2587 valeat
1122 2523 1302 2587 instaurari.

347 2628 520 2690 Exercitus
546 2647 697 2711 namque,
723 2630 856 2711 rapinas,
882 2624 1051 2711 multiplex
1079 2624 1303 2710 temporalium

341 2727 470 2811 jactura
484 2728 635 2807 eminent,
649 2727 736 2792 domi
751 2740 916 2813 grassatur
936 2728 1045 2802 bostis,
1062 2730 1127 2791 imo
1142 2748 1303 2792 ramorum

346 2841 378 2890 et
398 2827 560 2913 religionis
579 2842 645 2893 tam
665 2829 841 2915 propagine
861 2852 958 2915 quarn
981 2829 1087 2893 radice
1106 2826 1237 2904 succisa,
1254 2827 1303 2893 leo

344 2930 473 3014 rugiens
487 2931 669 3017 expositum
684 2932 805 2996 invenit
820 2932 943 3018 ubique
959 2953 1055 3017 quern
1071 2929 1213 2995 devoret.
1237 2929 1301 3008 Qui

345 3051 431 3105 vero,
452 3030 484 3094 in
507 3043 597 3096 tanto
619 3032 761 3119 periculo
782 3034 988 3109 constitutus,
1012 3055 1073 3096 non
1098 3035 1208 3106 timet;
1237 3054 1300 3097 non

350 3143 415 3196 tam
429 3133 584 3199 exanimis
598 3155 697 3220 quam
712 3134 911 3201 exanimatus
925 3148 982 3199 est.
1029 3134 1092 3199 Sed
1115 3146 1147 3198 et
1164 3132 1303 3208 illorum,

348 3234 407 3321 qui
420 3236 517 3300 tantis
530 3235 648 3300 debent
660 3235 779 3302 morbis
793 3260 958 3302 occurrere
970 3236 1020 3301 vel
1035 3235 1166 3313 mederi,
1182 3235 1305 3323 pericli·

346 3349 434 3401 satur
456 3337 552 3418 salus,
574 3337 631 3402 nisi
658 3352 758 3403 totam
782 3339 980 3425 vigilantiam
1003 3361 1092 3404 suam
1115 3349 1247 3424 erogent
1269 3337 1302 3399 in

347 3438 546 3522 procuranda
566 3438 668 3503 salute
689 3438 906 3503 subditorum.
946 3438 1043 3501 Unde
1058 3452 1090 3501 et
1111 3459 1168 3501 nos
1183 3435 1304 3500 desola-

346 3539 424 3603 tioni
446 3552 560 3604 vestrae
580 3553 713 3626 paterno
732 3540 961 3623 compatientes
982 3536 1149 3612 affectus
1171 3536 1302 3601 domino

345 3654 453 3705 nostro
475 3663 550 3725 rege
574 3640 784 3716 obtinuimus,
807 3651 844 3702 ut
867 3636 1043 3703 secundum
1069 3637 1301 3704 institutionem

348 3762 509 3805 sacrorum
525 3760 681 3803 canonum
698 3751 855 3824 pastorem
871 3739 1021 3803 idoneum
1037 3739 1129 3804 vobis
1143 3739 1303 3825 proelicere

346 3842 514 3905 valeamus.
539 3841 605 3904 Res
613 3850 722 3902 autem
731 3837 925 3904 celeritatem
935 3853 967 3903 et
979 3838 1177 3925 diligentiam
1190 3840 1303 3927 exigit,

345 3965 449 4028 quum
460 3940 562 4006 omnis
572 3962 660 4004 mora
672 3940 784 4005 salutis
795 3940 979 4005 differendae
991 3941 1169 4027 periculum
1184 3944 1302 4024 trahat,

344 4058 376 4110 et
400 4029 538 4108 ecclesiae
562 4054 674 4107 restrae
700 4055 804 4108 status
827 4043 861 4107 in
882 4066 921 4107 eo
944 4056 1089 4109 versetur
1111 4043 1244 4125 calculo,
1265 4060 1302 4112 ut

343 4145 496 4231 religiosis
522 4144 636 4210 vestris
662 4144 822 4229 lugendus
853 4144 1085 4232 potiusquam
1118 4145 1302 4214 referendus

344 4246 499 4312 videatur.
554 4244 682 4329 Religio
712 4245 795 4331 perit
826 4245 971 4320 interius,
1001 4245 1159 4310 exteriora
1188 4246 1304 4313 distra-

348 4350 482 4423 huntur,
504 4344 713 4430 diripiuntur,
733 4360 765 4409 et
786 4345 954 4419 defluunt;
987 4359 1116 4411 nonest
1139 4346 1225 4411 domi
1247 4348 1305 4434 qui

347 4448 504 4512 auxilium
520 4446 664 4531 porrigat
684 4456 742 4508 aut
757 4445 936 4509 consilium.
981 4446 1118 4510 Morbus
1128 4447 1196 4532 jam
1221 4448 1305 4514 inve·

347 4563 469 4616 temtus
482 4563 541 4624 est,
556 4552 657 4634 quum
678 4547 734 4612 diu
751 4547 890 4611 defuerit
911 4548 969 4633 qui
985 4547 1055 4613 haeo
1075 4548 1161 4615 inala
1174 4554 1305 4640 propul.

345 4674 413 4717 sare
430 4649 523 4714 vellet
539 4662 571 4713 et
586 4661 702 4735 posset.
748 4647 836 4724 Quia
850 4670 927 4733 ergo
948 4650 1146 4733 praesentiam
1164 4666 1302 4719 nostram

349 4751 437 4818 robis
451 4753 491 4817 ad
508 4773 646 4838 presens
662 4773 724 4815 non
742 4773 911 4837 possumus
931 4748 1092 4831 exhibere,
1108 4755 1303 4822 venerabiles

348 4858 463 4921 iratres
480 4867 603 4919 nostros
616 4853 751 4918 Gauter.
770 4856 1042 4919 conventrensem
1055 4867 1087 4918 et
1101 4855 1165 4919 Ali.
1177 4858 1307 4942 Wigor·
