3300 6434
341 1204 404 1262 262
612 1216 749 1260 rasurus
765 1211 1046 1258 sauasnsarsssrs
1202 1198 1247 1277 [r.
1266 1218 1296 1260 o.

347 1390 421 1432 vero
439 1366 617 1430 rotunditas
636 1366 843 1449 perfectionis
860 1365 1016 1430 indicium
1036 1376 1094 1441 est,
1115 1379 1150 1428 ut
1169 1368 1296 1430 mitten-

313 1529 316 1536 .
346 1483 410 1533 tem
439 1470 565 1545 doceat,
592 1470 625 1531 in
659 1468 798 1549 praelatis
829 1469 998 1531 virtutibus
1032 1479 1298 1531 consummatum.

348 1572 524 1634 Gemmeus
554 1570 657 1650 fulgor
693 1568 849 1631 elucentis
886 1567 1065 1652 prudentiae
1096 1581 1128 1631 et
1156 1570 1299 1632 scientiae

348 1674 456 1752 imago
472 1684 528 1735 est.
574 1668 671 1749 Quid,
683 1669 770 1754 quod
786 1672 874 1734 color
887 1672 956 1754 ipse
971 1671 1111 1734 coelestis
1127 1672 1300 1734 rectissime

349 1775 466 1852 innuit,
481 1795 546 1857 quo
568 1773 602 1835 in
625 1773 750 1836 actibus
773 1774 840 1836 suis
862 1773 1025 1857 praecipue
1047 1772 1158 1836 tendat
1177 1774 1301 1836 animus

354 1871 532 1939 mittentis?
571 1874 681 1957 ipsum
704 1895 777 1937 vero
800 1873 919 1957 lapidis
941 1872 1065 1937 nomen
1080 1875 1249 1937 verborum
1272 1885 1304 1937 et

351 1995 483 2059 operum
498 1972 647 2054 designat
657 1978 866 2036 venustatem.
910 1973 1092 2057 Jacynthus
1108 1974 1204 2052 enim,
1220 1973 1247 2036 si
1264 1974 1303 2037 de

351 2076 460 2138 iormae
485 2075 594 2156 gratia,
619 2073 770 2137 dictionis
799 2072 1001 2138 attendamus
1026 2075 1194 2158 originem,
1218 2086 1303 2139 totus

352 2177 423 2254 flos,
438 2177 489 2239 vel
504 2175 720 2239 universaliter
731 2176 849 2238 florens
865 2176 1097 2259 interpretatur.
1130 2179 1173 2242 Ja
1187 2178 1301 2240 etenim

352 2278 561 2341 universalem
583 2286 686 2353 sonat,
701 2289 733 2338 et
746 2277 884 2360 cynthus
900 2278 1030 2342 vertitur
1044 2278 1078 2342 in
1094 2280 1215 2342 florem.
1260 2279 1305 2341 Et

351 2400 393 2442 na
418 2380 453 2441 in
479 2378 574 2461 hujus
597 2380 794 2461 tempestatis
807 2378 954 2442 -articulo
979 2380 1062 2444 fides
1087 2381 1225 2458 vacillet,
1250 2391 1305 2443 aut

351 2480 502 2543 humanis
524 2480 786 2561 persuasionibus
809 2480 891 2542 ratio
920 2479 1103 2556 seducatur,
1130 2494 1162 2543 et
1191 2503 1300 2564 super·

355 2581 487 2665 scriptio
502 2580 600 2643 fidem
616 2581 795 2659 coufirmat,
808 2592 840 2644 et
851 2581 1011 2645 illuminat
1025 2584 1187 2645 rationem.
1219 2584 1302 2644 Nam

353 2683 510 2747 rationem
531 2682 572 2745 ab
593 2685 856 2764 errorepurgans
870 2703 943 2745 eum
962 2682 1058 2744 mittit
1071 2681 1113 2745 ad
1129 2682 1304 2758 Christum,

356 2795 389 2848 et
417 2805 458 2847 ne
488 2782 761 2846 tribulationibus
778 2792 810 2845 et
839 2783 994 2865 'pressuris
1024 2782 1197 2848 Christiani
1221 2781 1304 2846 fides

301 2913 306 2927 ·
355 2887 396 2950 ab
425 2883 610 2948 infirmitate
641 2882 780 2961 deficiat,
805 2883 975 2947 'victoriam
1004 2884 1136 2949 ascribit
1165 2884 1302 2948 Christo.

354 2988 481 3062 Quibus
496 2985 625 3049 duobus
642 2985 748 3048 verbis
763 2996 795 3049 et
810 2985 894 3048 fides
909 2985 950 3048 ab
970 2986 1166 3066 infirmitate,
1181 2986 1306 3052 erratio

354 3094 395 3156 ab
411 3109 514 3154 errore
530 3098 689 3171 purgatur.
726 3088 772 3150 Et
786 3086 862 3171 quia
878 3086 954 3150 finis
963 3108 1086 3172 pugnas
1102 3089 1232 3153 victoria
1244 3097 1306 3167 est,

354 3201 387 3255 et
415 3188 536 3252 fructus
566 3185 706 3248 victoriae
741 3197 872 3266 corona,
906 3186 1036 3252 Christo
1070 3202 1305 3272 consequenter

353 3310 486 3374 regnum
512 3286 668 3363 attribuit,
690 3298 725 3351 ut
744 3300 888 3353 cum'eo·
904 3278 1154 3371 conregnaturos
1180 3290 1304 3367 doceat,

356 3395 501 3480 quicum
525 3390 654 3455 Christo
675 3390 884 3453 certaminum
905 3403 938 3455 et
959 3391 1104 3455 taborum
1119 3392 1305 3458 discrimina

355 3495 565 3579 pertulerunt,
588 3505 621 3557 et
643 3491 841 3556 adversarios
864 3490 945 3576 ejus,
967 3492 1099 3576 quando
1121 3494 1250 3577 justitia
1269 3497 1303 3559 in

350 3595 510 3680 judicium
533 3604 744 3671 convertetur,
761 3592 959 3656 contritione
981 3579 1224 3660 et'confirsione
1247 3597 1305 3661 du·

355 3696 434 3779 plici
449 3694 673 3758 conterendos.
718 3693 904 3780 Siquidem
923 3694 1027 3758 honor
1039 3698 1125 3777 regis
1141 3698 1304 3781 judicium

355 3792 471 3875 diligit,
494 3802 525 3858 et
548 3795 633 3858 oculi
655 3796 726 3879 ejus
748 3795 859 3859 vident
884 3794 959 3879 quia
985 3795 1091 3879 diligit
1112 3801 1303 3882 aequitatem.

355 3900 440 3964 Nam
456 3896 511 3959 ubi
526 3915 624 3973 amor,
637 3896 682 3958 ibi
698 3896 819 3960 oculus.
864 3898 910 3960 Et
923 3897 993 3961 haec
1009 3886 1088 3961 mihi
1099 3900 1222 3963 videtur
1236 3922 1306 3963 esse

355 4001 490 4066 duarum
520 3998 691 4081 conceptio
728 3999 925 4062 clausarum:
963 3998 1056 4062 tertia
1085 4020 1158 4061 vero
1187 4022 1306 4064 nomen

356 4102 475 4168 Christi
496 4101 620 4183 repetit,
641 4112 674 4164 et
693 4099 818 4184 imperii
840 4101 952 4165 reticet
974 4099 1172 4181 dignitatem,
1187 4123 1225 4164 ea
1240 4102 1306 4166 dis-

356 4203 544 4287 pensatione
559 4213 594 4264 ut
608 4203 752 4279 arbitror,
768 4222 833 4284 quo
853 4212 886 4264 et
905 4202 1030 4264 animus
1047 4201 1251 4285 suscipientis
1273 4205 1308 4267 in

356 4313 596 4388 persecutorum
611 4323 738 4365 suorum
756 4303 887 4379 victore,
902 4315 936 4366 et
949 4303 1075 4384 Regum
1088 4287 1177 4384 Rege
1195 4304 1309 4386 figatur

359 4406 496 4483 Christo,
513 4405 606 4487 eique
630 4405 789 4467 cohaereat
810 4404 1075 4487 inseparabiliter,
1091 4416 1123 4467 et
1144 4417 1180 4468 ut
1201 4417 1309 4469 osten-

357 4506 450 4570 datur
468 4527 535 4568 non
556 4526 630 4586 esse¹
646 4505 740 4567 hodie
760 4505 997 4588 imperatorem,
1013 4506 1068 4589 qui
1088 4504 1130 4568 ad
1147 4506 1308 4571 Christum

358 4608 640 4691 pertineat-quum
664 4606 890 4669 schismaticus
912 4626 970 4689 per
985 4609 1048 4668 vim
1069 4619 1102 4668 et
1121 4607 1263 4671 fraudem
1279 4622 1312 4672 et

357 4708 462 4769 labem
477 4707 708 4782 haereticorum‚
723 4706 830 4770 nitens
850 4707 1057 4770 insecabilem
1078 4705 1225 4772 scindere
1240 4710 1310 4772 uni·

360 4805 693 4887 tatem,iutegritatem
709 4826 923 4888 corrumpere,
939 4807 1095 4870 incestare
1111 4809 1310 4890 pudicitiam,
