3300 6434
350 1232 545 1315 llos-seq
734 1253 914 1297 srrsrouu.
1239 1244 1298 1302 193

346 1401 486 1468 abliliter
515 1425 751 1482 conservamus,
781 1404 885 1484 gravis
914 1415 947 1467 et
976 1426 1109 1469 onerosa
1139 1409 1297 1472 incumbit

344 1507 529 1583 necessitas,
539 1529 635 1590 quam
645 1515 748 1568 vestra
763 1505 873 1587 gratia,
885 1504 924 1567 de
940 1527 1004 1588 qua
1013 1508 1182 1588 plurimum
1195 1511 1294 1572 confi·

346 1602 463 1680 dimus,
478 1624 652 1687 speramus,
674 1615 706 1664 et
724 1602 863 1684 petimus
885 1602 1051 1664 sublevari.
1098 1604 1182 1665 Nam
1206 1605 1294 1686 quod

235 1700 238 1707 ’
345 1702 478 1768 sortasse
500 1704 707 1778 mirabimini,
729 1702 851 1766 addicti
875 1720 983 1765 sumus
1013 1704 1123 1776 exilio,
1147 1714 1179 1767 et
1199 1706 1232 1767 iu
1255 1728 1293 1769 eo

339 1805 413 1888 jugi
435 1807 642 1869 sollicitamur
663 1819 694 1869 et
710 1815 891 1889 torquemur
913 1806 1066 1886 angustia.
1111 1806 1145 1870 Si
1161 1807 1293 1890 quidem

346 1907 481 1969 clericus
511 1907 639 1988 quidam
669 1907 764 1970 nobis
793 1909 889 1987 longe
918 1928 1041 1989 semper
1071 1909 1295 1986 amicissimus,

346 2007 438 2090 cujus
461 2009 569 2070 omnia
592 2021 655 2071 tam
678 2029 841 2091 prospera,
866 2029 960 2090 quam
984 2007 1116 2072 adversa
1144 2032 1164 2072 a
1186 2014 1296 2074 multis

345 2118 428 2172 rotro
458 2110 653 2192 temporibus
675 2124 783 2173 nostra
804 2120 890 2183 sunt,
917 2111 1090 2173 litterarum
1117 2113 1295 2176 eruditione

345 2220 377 2272 et
391 2231 512 2273 morum
530 2212 706 2289 honestate,
722 2221 809 2274 tanto
833 2212 959 2274 cunctis
980 2213 1152 2293 probatior,
1175 2224 1295 2297 quanto

343 2312 458 2390 notior,
473 2314 514 2375 ab
531 2314 647 2394 Anglia
659 2314 769 2375 exulat
783 2312 869 2396 apud
885 2333 955 2385 nos,
966 2324 1064 2375 etnos
1080 2313 1167 2376 domi
1179 2324 1294 2379 nostra

345 2414 513 2476 exulemus
542 2435 614 2477 cum
644 2414 709 2475 illo.
755 2411 900 2475 Sustinet
929 2414 1013 2475 enim
1043 2412 1295 2495 indignationem

343 2514 428 2596 regis
445 2516 582 2597 Augilas,
597 2535 663 2577 non
678 2536 736 2577 suo
752 2514 883 2596 quidem
894 2515 1018 2591 meritO,
1035 2524 1069 2576 ut
1084 2512 1125 2576 de
1141 2525 1248 2579 nostra
1263 2529 1295 2579 et

345 2614 447 2698 ipsius
469 2617 638 2700 loquamur
664 2616 870 2692 coscientia
893 2615 950 2677 sed
974 2616 1050 2697 quia
1075 2616 1217 2678 Domino
1237 2639 1295 2680 suo

343 2715 564 2781 cantuariensi
574 2717 827 2799 archiepiscopo,
837 2726 873 2779 ut
882 2717 1031 2799 oportuit,
1043 2718 1178 2782 servivit.
1203 2721 1294 2782 lsest

344 2820 494 2900 magister
507 2820 650 2881 Joannes
673 2818 714 2881 de
738 2819 928 2892 Saresberia,
944 2819 1061 2880 bonurn
1078 2816 1293 2884 testimoninm

342 2919 467 2982 habens
494 2921 529 2982 in
551 2922 695 3003 partibus
722 2920 900 2981 cismarinis
922 2930 954 2980 et
977 2922 1201 2983 transmarinis.
1247 2924 1293 2986 Ut

344 3041 460 3101 ergon
488 3022 684 3105 nobisipsis
712 3032 775 3083 tarn
798 3020 931 3102 proprii,
961 3042 1056 3102 quam
1087 3023 1182 3085 futuri
1206 3024 1295 3086 exilii

346 3121 519 3184 amoveatis
541 3121 716 3201 angustias,
739 3120 901 3183 dilectioni
924 3131 1035 3183 vestrae
1051 3123 1204 3185 attentius
1219 3145 1296 3207 sup·

345 3222 512 3303 plicamus,
535 3235 570 3284 ut
584 3243 656 3284 eum
679 3223 858 3284 interventu
882 3220 1009 3283 comitis
1033 3220 1241 3287 Flandrensis
1263 3238 1295 3288 et

344 3333 459 3401 restro,
474 3324 685 3386 reconcilietis
708 3322 772 3404 regi
791 3325 977 3404 Anglorum,
994 3336 1026 3387 et
1046 3325 1131 3387 sicut
1154 3326 1296 3390 videritis

345 3422 504 3507 expedire,
519 3423 548 3487 ei
563 3424 683 3486 litteras
697 3423 781 3502 regis
797 3433 943 3504 patentes
958 3424 1160 3505 perquiratis,
1176 3426 1295 3506 quibus

345 3547 456 3589 secure
468 3525 586 3601 redeat,
598 3534 630 3586 et
642 3525 707 3587 suis
717 3524 750 3585 in
760 3543 841 3604 pace
853 3524 974 3586 fruatur
984 3523 1088 3585 bonis.
1112 3522 1294 3608 Sciatisque

344 3648 402 3709 pro
425 3638 512 3689 certo
535 3626 610 3708 quia
631 3644 691 3686 nos
711 3625 743 3685 in
767 3625 858 3686 nulla
878 3645 911 3685 re
934 3623 1034 3704 magis
1055 3624 1199 3705 poteritis
1224 3647 1294 3710 pro·

345 3728 468 3804 mereri,
483 3747 543 3788 nec
570 3736 619 3789 est
639 3724 726 3808 quod
751 3724 967 3797 dissimuletis,
985 3724 1060 3807 quia
1082 3736 1208 3789 constat
1222 3729 1294 3810 plu-

345 3830 445 3905 ribus,
473 3837 662 3911 potestatem
691 3826 784 3890 vobis
810 3846 879 3889 esse
910 3827 1070 3903 collatam,
1091 3827 1118 3889 si
1148 3830 1295 3893 voluntas

346 3931 491 3995 adfuerit.

366 4135 586 4199 EPISTOLA
609 4134 901 4198 cxxxvii-in
916 4152 1076 4198 uuonan
1092 4152 1279 4198 srrscorosr

710 4251 927 4295 mormorion.

644 4404 782 4466 Domino
796 4400 989 4465 Morinenri.

388 4524 564 4586 Tsnrsrro
601 4521 699 4585 fidem
728 4522 854 4604 probat,
883 4533 916 4584 et
944 4522 1070 4585 affectio
1106 4523 1222 4585 mentis
1251 4545 1293 4587 cx

347 4622 497 4708 operibus
512 4622 697 4686 fidelissime
712 4620 897 4697 innotescit,
912 4631 945 4684 et
959 4621 1088 4706 quidem
1105 4642 1204 4705 quum
1227 4634 1295 4687 tota

345 4726 596 4801 Cantuariensis,
605 4724 702 4787 immo
714 4720 891 4805 Anglorum
905 4723 1041 4787 ecclesia
1050 4722 1296 4794 fidemvestram

344 4837 478 4910 experta
508 4829 558 4905 sit,
581 4838 613 4890 et
642 4829 809 4910 probatam
835 4824 909 4908 jure
940 4825 1122 4908 aequissimo
1146 4825 1301 4909 praedicet

383 4948 457 4995 rou.
478 4949 502 4994 r.
812 4946 832 4990 0
