3300 6434
361 1245 556 1325 rrae-ul]
746 1260 924 1314 uersrora.
1269 1257 1312 1320 9'9

381 1532 619 1602 EPISTULA
648 1540 884 1607 LXXV.-—sn
899 1560 1058 1609 asssrsrr
1075 1560 1282 1611 manasseri.

688 1673 827 1738 Cellense·
841 1675 967 1740 Abbati.

398 1805 567 1876 Quaursu
592 1827 719 1889 operam
747 1804 889 1871 dederim
919 1810 1136 1893 promovendo
1164 1813 1305 1896 negotio,

352 1922 412 1988 pro
426 1924 493 1988 quo
514 1904 546 1967 in
570 1904 724 1990 Angliam
747 1910 915 1988 miseratis,
929 1908 1046 1974 veritas
1068 1912 1168 1986 novit,
1184 1924 1216 1976 et
1236 1912 1303 1977 dis·

353 2006 485 2069 cretioni
510 2019 624 2072 vestrae
648 2029 712 2071 non
737 2009 779 2073 sit
801 2010 1008 2095 incognitum.
1052 2016 1099 2077 Et
1117 2012 1192 2078 licet
1214 2035 1306 2078 num—

353 2127 449 2191 quam
478 2107 558 2171 beue
584 2108 776 2194 speraverim
801 2109 843 2173 de
869 2112 1027 2196 prosectu,
1049 2114 1128 2198 quia
1154 2135 1303 2187 noveram

352 2227 456 2271 meres
470 2208 619 2286 hominis,
635 2211 692 2295 qui
711 2232 836 2296 semper
855 2212 1009 2278 adversus
1028 2215 1190 2279 ecclesiam
1210 2216 1304 2281 dimi-

351 2321 415 2384 cat,
431 2322 463 2373 et
479 2308 548 2374 loca
563 2311 752 2376 venerabilia
768 2312 876 2397 potius
895 2312 1046 2399 deprimit
1061 2336 1158 2401 quarn
1173 2315 1305 2395 exaltet,

349 2422 385 2474 et
415 2424 573 2497 quatenus
603 2414 815 2499 permittitur,
839 2415 1048 2481 destructioni
1078 2440 1177 2503 quem
1205 2416 1305 2481 aedili-

349 2512 469 2576 cationi
484 2514 586 2599 magis
599 2515 732 2579 insistit:
754 2538 827 2580 eum
842 2530 949 2580 tamen
963 2521 1069 2601 primo
1084 2518 1302 2604 pereuntium

351 2626 385 2678 et
407 2612 528 2678 litteras
554 2613 721 2680 sollicitari
747 2616 922 2696 absentem,
947 2619 1089 2705 itemque
1114 2632 1302 2705 praesentem

352 2714 384 2778 in
405 2715 486 2779 fecie
510 2715 630 2781 domini
657 2719 910 2799 Cantuaricnsis,
931 2732 963 2784 et
987 2720 1115 2785 tandem
1137 2740 1240 2806 quum
1261 2743 1302 2785 ex

350 2816 421 2881 aliis
435 2818 539 2882 cauus
549 2817 590 2882 ad
602 2832 709 2904 partes
723 2819 812 2885 illius
827 2820 1061 2901 descenderem,
1072 2822 1180 2887 accitis
1194 2822 1303 2887 amicis

351 2928 383 2980 et
408 2918 618 2982 familiaribus
643 2919 713 3003 ejus
737 2919 813 2983 satis
840 2920 952 2997 institi,
972 2934 1011 2985 ut
1036 2921 1062 2984 si
1087 2942 1150 2985 non
1176 2933 1301 3007 poterat

352 3020 460 3085 induci
472 3033 509 3085 ut
521 3020 611 3085 daret
622 3021 708 3106 quod
721 3022 901 3107 promisisse
914 3022 1021 3088 dictus
1034 3023 1303 3110 est‚dispendium

350 3121 492 3185 ecclesiae
507 3134 632 3195 vestrae,
655 3133 686 3186 et
705 3122 922 3187 confusionem
945 3137 1093 3200 vestram,
1118 3124 1302 3189 transmisso

349 3220 487 3307 alicujus
515 3220 619 3286 solatii
649 3222 802 3287 beneficio
838 3237 1068 3309 compensaret.
1129 3226 1302 3299 Caeterum,

349 3323 437 3409 quod
450 3324 490 3388 ab
502 3323 595 3390 initio
606 3326 980 3411 praesagiebamrquantn
991 3325 1092 3409 magis
1103 3324 1302 3410 pulsabatur,

350 3444 389 3491 eo
411 3426 514 3511 magis
535 3438 568 3490 et
592 3426 693 3510 magis
716 3425 866 3491 innotuit,
912 3426 1052 3491 Dimisso
1076 3446 1152 3507 ergo
1174 3423 1300 3499 comite,

349 3523 440 3591 illum
455 3525 513 3612 qui
530 3547 587 3590 vos
606 3526 785 3612 deceperat,
802 3538 990 3611 persecutus
1012 3547 1094 3600 sum,
1108 3524 1300 3610 obtinnique

348 3639 385 3691 ut
414 3649 488 3690 eum
518 3623 729 3690 anathematis
758 3624 889 3688 vinculo
924 3626 1164 3689 Cantuariensis
1197 3624 1300 3688 archi-

349 3724 1177 3812 episcopusinnodaret,ettransmissisadepiscopos
1185 3724 1300 3791 litteris

343 3827 471 3912 juberet
497 3825 732 3912 comprehendi.
792 3826 958 3911 Prolugus
986 3826 1096 3911 itaque
1118 3826 1224 3891 factus
1251 3840 1300 3892 est

346 3952 366 3992 a
379 3928 460 3992 facie
482 3927 624 4004 Domini,
647 3940 683 3993 ut
706 3949 726 3991 a
748 3926 896 3992 fidelibus
917 3929 988 4013 ejus
1009 3928 1139 3991 omnino
1158 3943 1297 4013 nequeat

347 4027 491 4093 inveniri.
538 4027 686 4092 Latitanr
706 4039 814 4091 autem
835 4027 918 4091 sorte
940 4026 1035 4091 cellas
1056 4040 1087 4092 et
1110 4027 1300 4091 monasteria

346 4129 471 4210 circuit,
492 4142 524 4195 et
548 4152 583 4193 se
606 4150 690 4192 nnnc
714 4128 968 4205 cluniacensem,
989 4150 1076 4191 nunc
1098 4131 1298 4203 Remensem,

346 4244 403 4295 aut
427 4233 521 4317 cnjus
544 4230 676 4296 libuerit
697 4228 900 4314 professionis
920 4228 1112 4291 monachum
1134 4229 1230 4313 gerit,
1254 4242 1299 4307 et,

345 4332 431 4396 sicin
444 4330 624 4416 accepimus
636 4331 678 4393 ab
693 4328 752 4403 his,
765 4329 822 4413 qui
838 4349 911 4391 eum
927 4327 1088 4405 viderunt,
1098 4328 1166 4413 jam
1182 4328 1298 4413 abjecit

345 4453 458 4495 nomen
489 4431 641 4505 infamiae,
672 4442 704 4493 et
738 4452 771 4492 se
802 4428 952 4493 Barathri
981 4427 1083 4493 lilium
1120 4428 1297 4493 radendum

345 4531 536 4597 omninode
557 4531 640 4595 libro
657 4532 820 4615 justorum
843 4540 875 4593 et
898 4530 983 4593 omni
1004 4528 1146 4593 fidelium
1168 4552 1298 4614 congra-

345 4635 484 4720 gatione,
516 4632 694 4696 Radulium
723 4629 850 4695 Beratri
876 4628 1041 4696 diffitetur.
1090 4633 1177 4696 Puto
1201 4633 1296 4697 etiam

343 4736 432 4822 quod
450 4736 507 4820 qui
522 4734 711 4800 monachum
726 4730 850 4819 pridem
872 4732 999 4819 abjecit,
1016 4732 1151 4818 projecit
1166 4745 1198 4797 et
1213 4755 1297 4799 nunc

344 4838 491 4904 habitum
507 4838 590 4922 ejus,
600 4835 632 4900 in
648 4858 714 4921 quo
729 4838 844 4900 metuit
856 4834 1062 4921 deprehendi.
1095 4834 1157 4900 Sed
1168 4848 1296 4901 auctore

791 4939 854 5000 aa
1289 4957 1292 4964 ·
