3300 6434
448 1262 467 1318 4
705 1271 841 1317 ioannis
856 1270 1132 1315 snassauarnusrs
1308 1252 1353 1330 [a.
1372 1272 1402 1315 n.

450 1446 523 1487 eum
554 1423 585 1488 in
617 1422 769 1486 comitatu
801 1421 939 1507 quodam
977 1422 1121 1487 extitisse
1150 1421 1315 1495 laicorum,
1346 1421 1402 1505 qui

450 1525 643 1611 praecipitem
661 1536 830 1610 sequentes
843 1524 1066 1600 temeritatem,
1080 1523 1285 1588 homicidium
1299 1522 1403 1607 quod·

450 1626 525 1690 dam
556 1625 765 1690 inconsultius
801 1636 1071 1711 perpetraverunt.
1121 1626 1193 1711 ipse
1228 1639 1333 1690 autem
1368 1625 1402 1688 in

449 1728 601 1792 comitatu
624 1728 773 1803 existens,
794 1750 867 1790 eum
889 1728 946 1812 qui
967 1740 1076 1813 postea
1101 1727 1223 1791 occisus
1242 1728 1316 1802 fuit,
1338 1748 1401 1789 non

449 1829 555 1892 animo
579 1828 754 1906 occidendi,
784 1828 852 1920 sed,
865 1843 901 1893 ut
933 1830 1036 1893 furem
1071 1829 1127 1915 qui
1151 1830 1180 1893 ei
1212 1830 1401 1893 vestimenta

450 1929 655 1995 sacerdotalia
675 1931 763 1995 furto
783 1931 999 2008 subtraxerat,
1015 1932 1275 2018 persequebatur.
1321 1932 1401 1993 Fra·

449 2046 513 2097 tres
531 2049 637 2099 autem
658 2033 728 2118 ejus
750 2032 782 2096 in
804 2032 1025 2119 persequendo
1043 2056 1081 2096 eo
1104 2033 1198 2096 citius
1212 2031 1402 2110 incedentes,

448 2136 550 2200 furem
567 2159 640 2199 cum
662 2135 850 2200 vestimento
873 2136 1036 2200 consecuti
1060 2149 1144 2210 sunt,
1161 2148 1193 2199 et
1208 2157 1246 2197 eo
1261 2132 1401 2212 vidente,

449 2250 485 2301 ut
509 2236 776 2321 subsequebatur,
799 2249 1018 2313 veruntamen,
1045 2251 1081 2300 ut
1104 2237 1237 2313 fatetur,
1261 2234 1400 2311 nolente,

449 2337 552 2400 furem
577 2336 809 2422 deprehensum
836 2336 1097 2401 trucidaverunt:
1122 2338 1237 2402 exinde
1263 2336 1400 2402 evolutis

447 2438 557 2524 paucis
580 2436 694 2502 diebus
715 2437 756 2502 ab
778 2436 1000 2502 archidiacono
1022 2439 1063 2501 ab
1085 2439 1204 2503 ordinis
1227 2439 1276 2504 sui
1298 2439 1400 2503 officio

447 2560 619 2623 suspensus
641 2551 700 2614 est,
716 2558 754 2600 eo
776 2538 864 2623 quod
889 2539 978 2602 sedes
1003 2539 1213 2605 Eboracensis
1234 2550 1302 2605 tum
1320 2557 1398 2606 tem·

447 2640 533 2725 poris
571 2641 720 2704 vacabat:
759 2640 966 2705 nibilominus
1003 2643 1035 2705 in
1072 2641 1260 2709 diaconatus
1297 2642 1399 2706 officio

447 2740 624 2806 ministrare
654 2745 866 2828 praesumpsit.
913 2743 998 2822 Quid
1030 2761 1137 2810 autem
1167 2768 1271 2832 poenae
1300 2745 1328 2808 ei
1357 2743 1397 2808 ad

447 2842 708 2926 peregrinationis
730 2842 882 2906 indicium
905 2867 1029 2907 crucem
1050 2847 1173 2930 gerenti
1189 2844 1397 2930 infligendum

448 2943 499 3021 sit,
515 2956 618 3009 vestra
635 2944 811 3009 sublimitas
827 2946 1017 3031 providebit.

631 3280 850 3344 EPISTOLA
897 3282 1211 3345 IV.-nnanunnnr.

706 3415 848 3476 Domino
861 3436 958 3496 popo
976 3417 1131 3478 Adriano.
1185 3418 1187 3422 ⁴

488 3552 590 3626 Quunr
606 3550 690 3613 inter
707 3547 895 3632 magistrum
915 3544 1090 3610 Ricardum
1114 3546 1395 3612 Licbeffeldensem

444 3662 476 3712 et
504 3650 674 3713 Osbertum
702 3649 742 3713 de
771 3652 843 3712 lcco
865 3670 961 3735 super
984 3647 1113 3712 ecclesia
1136 3647 1303 3713 Bradeleia
1323 3673 1396 3714 cou-

442 3749 596 3812 troversia
610 3762 691 3811 esset
705 3751 737 3811 in
750 3751 911 3814 auditorio
924 3752 1100 3816 Cestrensis
1114 3751 1254 3839 episcopi
1270 3752 1393 3817 diutius

443 3863 615 3936 protracta,
640 3848 767 3911 tandem
787 3849 827 3912 ad
852 3849 1046 3916 audientiam
1073 3867 1212 3916 nostram
1240 3854 1394 3919 translata

443 3964 491 4016 est
517 3975 573 4039 per
599 3949 856 4037 appeliationem.
901 3950 1053 4013 Partibus
1082 3952 1191 4035 itaque
1221 3975 1239 4014 e
1265 3957 1394 4037 regione

443 4053 636 4132 constitutis,
653 4054 721 4137 jam
745 4051 850 4114 dictus
878 4050 1037 4115 Ricardus
1066 4064 1272 4115 memoratam
1299 4053 1395 4116 eccie-

442 4158 521 4220 siam
545 4155 605 4220 sibi
631 4155 755 4218 restitui
786 4154 973 4240 postulavit,
998 4153 1108 4218 dicens
1137 4177 1205 4218 eam
1236 4155 1394 4240 pertinere

440 4260 531 4347 quasi
554 4257 706 4344 capellam
731 4256 769 4319 od
795 4256 957 4320 ecclesiam
983 4277 1071 4319 suam
1099 4268 1130 4319 et
1156 4270 1391 4322 antecessorum

441 4385 583 4437 suorum,
601 4358 750 4424 Willelmi
768 4354 884 4421 seilicet
901 4370 932 4423 et
951 4356 1100 4433 Walteri,
1119 4370 1271 4443 ternpore,
1285 4360 1393 4446 quiete

440 4477 472 4526 et
502 4463 595 4549 pleno
620 4464 695 4545 jure
726 4460 823 4523 fuisse
854 4481 1038 4543 possessam.
1092 4460 1141 4525 Ad
1174 4460 1241 4525 baec
1280 4461 1392 4527 Helias

442 4562 591 4625 Stafford.
614 4560 734 4625 archid.
758 4560 909 4646 processit
932 4561 963 4622 in
988 4559 1140 4639 medium,
1155 4583 1294 4627 asserens
1310 4564 1391 4650 peti-

440 4664 558 4728 tionem
590 4663 669 4725 hanc
700 4661 827 4724 minime
853 4660 992 4723 Ricardo
1025 4674 1213 4746 competere,
1240 4688 1277 4726 eo
1303 4666 1390 4747 quod

440 4764 642 4850 praebendam
667 4762 828 4847 quandam
853 4761 1011 4825 Ricardus
1037 4763 1069 4824 in
1097 4764 1233 4848 praefata
1262 4764 1391 4828 ecclesia

440 4866 631 4953 possidebat,
646 4878 677 4926 et
700 4866 727 4927 ei
751 4865 892 4926 essetab
913 4863 1059 4949 episcopo
1083 4865 1242 4929 Cestrensi
1263 4864 1390 4945 donata,
