3300 6434
432 1241 493 1301 104
687 1260 822 1306 Joaums
837 1260 1112 1307 ssursnsurrusrs
1289 1245 1334 1325 [s.
1353 1268 1382 1317 n.

427 1408 584 1476 tiendum.
636 1409 791 1473 solebatis
816 1422 848 1473 et
875 1410 953 1473 milri
985 1411 1122 1477 credere.
1176 1414 1245 1476 Nec
1273 1413 1381 1478 adhuc

425 1512 554 1596 quidem
579 1512 731 1588 demerui,
754 1512 956 1577 conscientiae
977 1526 1009 1575 et
1031 1515 1121 1579 verbi
1145 1516 1207 1578 mei
1234 1516 1323 1580 testis
1346 1515 1378 1579 in

422 1612 503 1676 coelo
531 1612 633 1678 fidelis
654 1625 713 1689 est,
736 1625 769 1676 et
790 1612 847 1699 qui
877 1635 969 1677 omne
996 1615 1196 1679 mendacium
1226 1616 1320 1699 punit
1346 1629 1380 1680 et

425 1714 569 1778 mercede
583 1714 714 1777 amicam
732 1713 791 1776 sibi
806 1727 989 1778 remunerat
1005 1715 1181 1779 veritatem.
1228 1716 1378 1779 Latorem

424 1814 629 1901 praesentium
655 1813 760 1877 minus
789 1814 924 1899 diligere
944 1816 1120 1890 consuevit,
1145 1839 1183 1880 ex
1212 1822 1378 1901 quaeum

425 1916 514 2002 coegi
529 1915 568 1979 ad
586 1914 736 1991 reditum,
749 1915 928 2000 suspicatus
943 1916 1030 2003 quod
1049 1939 1098 1981 me
1113 1918 1289 1993 induceret,
1299 1916 1379 1981 adeo

426 2015 556 2103 quidem
583 2030 621 2081 ut
645 2015 735 2080 illum
759 2017 813 2080 vix
840 2017 995 2102 coegerim
1020 2020 1235 2099 transfretare,
1258 2020 1313 2083 sed
1336 2018 1377 2084 ad

425 2117 485 2182 buc
500 2140 551 2182 me
565 2130 709 2202 coegerat
725 2139 814 2181 amor
828 2130 943 2196 vester,
953 2119 1004 2182 cui
1020 2117 1122 2183 debeo
1137 2120 1291 2207 quicquid
1306 2142 1377 2184 sum

425 2233 456 2284 et
473 2242 614 2306 possum,
624 2221 722 2283 immo
736 2232 769 2283 et
783 2220 938 2306 quicquid
953 2242 1008 2283 ero
1022 2234 1054 2285 et
1070 2234 1194 2307 potero,
1210 2236 1242 2287 et
1257 2222 1282 2286 si
1298 2222 1378 2308 quid

429 2334 534 2385 tamen
549 2319 687 2407 amplius
701 2334 846 2409 potuero.
892 2320 1012 2386 Valete.

690 2575 912 2640 EPISTOLA
937 2576 1108 2641 LXXVII.

470 2732 612 2796 Gnarus
638 2743 751 2796 vestre
774 2734 989 2818 congratulor,
1004 2756 1078 2820 qnae
1101 2732 1177 2797 dum
1199 2734 1376 2798 amicorum

425 2857 579 2911 meorum,
597 2848 633 2899 ut
655 2835 808 2911 creditur,
824 2835 1005 2921 profectum
1026 2836 1156 2923 querit,
1175 2858 1282 2900 meum
1304 2860 1377 2922 pro-

425 2936 542 3000 meruit
557 2936 758 3000 famulatum.
805 2938 978 3013 Caeterum,
996 2936 1078 3001 sicut
1092 2958 1154 3001 uon
1171 2957 1298 3020 possum
1315 2957 1377 2998 non

424 3036 601 3123 approbare
618 3036 760 3101 caritatis
774 3037 937 3112 affectum,
960 3039 1005 3101 sic
1020 3059 1082 3101 non
1105 3060 1235 3123 possum
1259 3036 1378 3123 simpli-

424 3138 529 3203 citatis
555 3161 616 3203 non
643 3139 813 3224 reprobare
844 3138 1023 3205 consilium.
1070 3138 1201 3204 Gradus
1227 3140 1322 3218 enim,
1343 3140 1377 3202 in

425 3262 519 3326 quem
548 3239 639 3304 illum
670 3244 806 3304 amicum
832 3252 972 3305 vestrum
998 3239 1097 3305 vultis
1117 3239 1292 3313 intrudere,
1319 3261 1378 3303 uec

423 3345 587 3427 proposito
601 3341 671 3428 ejus
685 3341 846 3425 congruit,
856 3364 914 3405 neo
926 3340 1024 3419 oetati,
1034 3340 1087 3404 sed
1101 3353 1186 3404 certe
1197 3362 1254 3404 nec
1267 3340 1376 3404 saluti.

422 3442 590 3509 Desiderio
612 3465 743 3529 quoque
759 3456 863 3507 vestro
877 3466 951 3507 cum
972 3440 1085 3507 multis
1103 3441 1173 3505 aliis
1197 3444 1280 3506 ratio
1295 3454 1377 3506 tem·

423 3545 507 3628 poris
528 3546 719 3632 refragatur,
741 3557 772 3608 et
796 3543 867 3608 loci.
913 3548 1017 3609 Nemo
1042 3552 1148 3629 potest
1171 3541 1299 3607 duobus
1320 3543 1378 3606 do-

422 3644 516 3708 minis
538 3648 665 3723 servire,
689 3659 727 3711 ut
748 3645 909 3731 liquidum
932 3645 973 3709 sit
994 3646 1121 3730 justum
1144 3667 1207 3709 non
1230 3668 1322 3731 posse
1343 3659 1375 3709 et

421 3745 577 3830 profectui
603 3748 739 3812 fratrum
765 3746 932 3833 invigilare
962 3748 1097 3824 utiliter,
1124 3760 1157 3811 et
1183 3745 1376 3811 satellitibus

421 3844 518 3907 curiae
540 3845 580 3909 ad
606 3851 741 3931 gratiam
766 3847 922 3911 famulari.
969 3851 1084 3911 Nonne
1107 3848 1159 3911 isti
1182 3848 1214 3909 in
1239 3848 1377 3933 patroci-

421 3946 510 4009 nium
531 3946 755 4033 improbitatis,
772 3971 812 4012 ne
834 3945 936 4011 dicam
960 3946 1168 4030 flagitiorum,
1185 3946 1226 4010 ad
1249 3947 1376 4031 singula

421 4052 540 4134 regiam
556 4065 721 4136 opponunt
738 4049 985 4115 auctoritatem?
1016 4052 1104 4113 Bene
1125 4071 1202 4132 ergo
1220 4049 1327 4132 agenti
1344 4063 1376 4112 et

420 4153 523 4214 tuenti
539 4150 778 4216 ecclesiasticam
794 4152 972 4215 libertatem
988 4146 1074 4233 apud
1089 4169 1146 4212 vos
1157 4147 1261 4210 obstat
1279 4148 1375 4231 regis,

420 4250 474 4314 sed
491 4251 571 4314 male
587 4250 693 4335 agenti
717 4251 866 4315 reclamat
883 4248 1003 4335 ubique
1018 4247 1193 4311 auctoritas
1208 4245 1287 4329 legis
1309 4247 1375 4309 Do-

418 4351 505 4415 mini.
560 4350 639 4428 Quis
670 4373 772 4414 senem
800 4352 833 4414 in
863 4350 1046 4415 consulatus
1072 4347 1190 4433 angulo
1219 4350 1373 4434 positum,

420 4452 583 4516 commode
598 4453 694 4516 faeiat
709 4452 843 4517 circuire
865 4451 1071 4537 provinciam,
1087 4464 1119 4514 et
1138 4449 1375 4534 emergentibus

418 4574 509 4615 novae
528 4551 724 4615 difficultatis
739 4551 882 4616 articulis
904 4551 934 4613 in
959 4563 1120 4614 momento
1136 4552 1373 4613 transcurrere?

420 4651 564 4714 Alienum
582 4651 644 4715 fuit
661 4673 818 4735 sempera
835 4649 999 4735 proposito
1014 4648 1162 4723 hominis,
1179 4648 1314 4712 aliorum
1333 4647 1375 4711 ob

419 4753 582 4817 avaritiam
594 4752 759 4836 explorare
765 4753 874 4827 vitam,
882 4748 1052 4812 vicinorum
1063 4749 1204 4813 insidiari
1212 4749 1373 4833 operibus,

420 4852 538 4915 amicos
560 4874 628 4915 reos
652 4851 765 4928 facere,
782 4866 874 4916 notos
896 4848 1015 4933 pariter
1037 4863 1068 4912 et
1092 4851 1228 4935 ignotos,
1248 4863 1284 4917 ut
1308 4848 1374 4935 pla.
