3300 6434
358 1249 555 1325 limant]
746 1263 924 1309 ueternum.
1089 1312 1093 1317 ,
1248 1252 1304 1310 101

354 1414 562 1481 sanctitatem.
602 1412 685 1490 Quia
699 1414 798 1478 frater
813 1417 953 1479 Thomas
968 1412 1055 1476 solus
1069 1426 1148 1491 erat,
1162 1415 1192 1478 ei
1207 1419 1304 1481 servi·

339 1528 456 1580 entem
483 1516 623 1602 equitem
650 1514 737 1592 dedi,
761 1537 870 1600 quem,
896 1536 997 1599 quum
1023 1513 1063 1577 ad
1092 1537 1147 1579 vos
1169 1518 1302 1596 venerit,

353 1631 449 1702 prout
485 1616 587 1701 magis
623 1615 778 1701 placuerit
815 1615 993 1680 retinebitis
1029 1628 1086 1681 aut
1122 1617 1302 1694 remittetis,

351 1718 490 1802 equitem
506 1718 572 1781 sive
586 1716 738 1803 peditem,
748 1716 837 1780 tarde
848 1738 978 1803 quoque
992 1730 1049 1781 aut
1063 1718 1137 1782 cito.
1167 1716 1304 1802 Equum·

351 1819 434 1882 enirn
458 1819 588 1883 domino
615 1818 751 1881 Thomas
775 1817 861 1893 dedi,
883 1818 930 1882 ita
951 1827 1055 1882 tamen
1079 1831 1115 1883 ut
1138 1841 1211 1883 eum
1241 1819 1301 1885 sibi

351 1920 526 1984 distrahere
535 1920 566 1983 in
578 1918 698 2004 Arrglia
708 1941 771 1984 nou
782 1919 899 1985 liceret.
930 1919 1058 1984 Exinde
1068 1931 1187 1998 autem,
1199 1943 1301 2006 quum

351 2044 371 2084 a
400 2021 491 2086 nobis
519 2022 642 2100 exierit,
667 2044 726 2107 pro
754 2021 850 2084 animi
877 2024 927 2085 sui
952 2020 1085 2085 arbitrio
1115 2034 1225 2087 utetur
1251 2023 1301 2087 vel

351 2121 503 2186 abutetur
529 2144 577 2200 eo,
603 2124 684 2185 sicut
710 2144 778 2197 suo,
802 2122 899 2186 immo
922 2142 1031 2185 revera
1053 2143 1121 2188 suo,
1166 2122 1234 2186 Nec
1258 2119 1313 2187 obv

351 2223 439 2288 aliud
462 2224 564 2310 legem
586 2224 654 2287 dixi
677 2223 851 2299 donationi,
866 2223 925 2287 nisi
947 2236 985 2287 ut
1007 2223 1164 2288 honestati
1185 2223 1301 2312 accipi·

351 2323 433 2388 entis
447 2325 653 2405 consulerem,
664 2336 694 2389 et
707 2324 883 2389 necessitati
898 2324 1076 2389 itinerantis
1089 2324 1302 2410 providerem.-

352 2428 434 2490 Nam
451 2428 538 2514 quod
553 2426 593 2490 ad
609 2439 756 2512 sumptus
770 2426 959 2490 necessarios
973 2424 1115 2512 quidem,
1129 2439 1160 2491 et
1176 2427 1202 2490 si
1218 2427 1299 2492 forte

350 2551 413 2592 non
449 2549 558 2593 omnes
586 2527 792 2607 voluntarios,
822 2526 933 2592 libenti
969 2527 1076 2590 animo
1112 2528 1299 2594 ministravi.

352 2630 507 2695 Servienti
522 2652 652 2717 quoque
672 2647 735 2693 non
757 2641 884 2694 tenetur
898 2629 930 2692 in
945 2628 1065 2715 aliquo,
1080 2628 1140 2693 nisi
1155 2629 1238 2693 forte
1258 2652 1298 2694 ex

349 2732 439 2797 cultu
469 2732 629 2819 religionis
651 2732 691 2795 ad
714 2730 877 2796 caritatem
905 2743 937 2796 et
966 2730 1008 2795 ad
1036 2731 1300 2813 familiaritatem,

345 2836 419 2919 jure
445 2839 609 2899 convietus
630 2848 661 2898 et
685 2833 852 2898 societatis.
905 2838 979 2918 Ego
1001 2833 1027 2897 si
1048 2832 1178 2920 quidem
1204 2836 1232 2897 ei
1257 2856 1304 2898 ex·

349 2950 443 3022 paeto
466 2951 584 3011 teneor,
600 2948 631 3000 et
647 2948 775 3000 auctore
799 2936 939 2999 Domino
958 2935 1158 3002 satisfaciam.
1204 2940 1300 3001 Mora

349 3060 426 3123 ergo
447 3038 546 3124 ipsius
569 3051 625 3103 aut
649 3036 772 3102 reditus
791 3061 810 3101 a
833 3050 939 3102 vestro
961 3037 1080 3124 pendet
1100 3037 1243 3115 arbitrio,
1266 3051 1297 3103 et

349 3160 407 3223 per
421 3160 493 3202 eum
511 3138 597 3225 quod
613 3137 769 3225 placuerit
783 3136 970 3203 rescribetis.

391 3240 551 3304 Praeterea
562 3242 640 3324 quia
653 3237 808 3325 expositio
822 3238 966 3322 magistri
979 3237 1128 3323 Hugonis
1139 3237 1224 3323 apud
1238 3260 1298 3303 nos

348 3339 482 3405 inveniri
497 3362 559 3404 nou
575 3352 692 3427 potest,
708 3340 794 3404 illam
811 3341 838 3405 si
853 3340 956 3425 placet
972 3339 1187 3404 transmittite.
1233 3341 1298 3401 Re-

348 3439 418 3504 colo
432 3441 515 3504 enim
531 3440 617 3527 quod
639 3441 725 3526 apud
743 3464 798 3505 vos
817 3454 875 3505 est.
919 3440 1090 3505 Boethium
1112 3461 1243 3524 quoque
1257 3438 1298 3502 de

349 3540 522 3621 Trinitate,
536 3563 629 3626 quem
646 3541 731 3625 apud
748 3564 814 3616 vos,
832 3556 865 3604 et
878 3540 977 3605 libros
992 3559 1072 3622 quos
1086 3539 1174 3624 apud
1195 3538 1297 3603 domi·

347 3662 422 3705 num
440 3644 598 3706 Simonem
615 3641 752 3726 priorem
768 3642 902 3706 Pruviui
925 3640 1070 3725 deposui,
1085 3641 1235 3726 quoniam
1251 3642 1297 3707 eis

347 3740 446 3805 frater
460 3764 550 3805 meus
572 3740 705 3826 indiget,
723 3740 747 3804 si
763 3740 879 3825 placet,
895 3762 952 3826 per
972 3739 1108 3805 eundem
1129 3740 1207 3805 mihi
1223 3742 1299 3806 mit-'

347 3841 429 3906 tatis.

490 4082 709 4147 EPISTOLA
732 4083 973 4148 mlxvi-m
989 4102 1144 4147 sonoris.

678 4219 795 4282 Eidem
813 4220 963 4282 Cellenri.

388 4354 601 4415 Davorrorsls
616 4372 695 4414 merc
710 4349 804 4413 fidem
821 4350 912 4414 vobis
931 4350 1053 4435 pridem
1076 4349 1213 4416 arbitror
1228 4376 1296 4419 esse
1320 4370 1327 4383 ·

344 4460 464 4526 notam,
480 4462 516 4513 ut
532 4449 572 4512 de
594 4472 632 4512 ea
654 4469 716 4512 non
737 4448 878 4515 debeatis
899 4451 985 4513 omni
1007 4448 1133 4536 spiritui
1156 4452 1304 4519 credere.v

345 4557 419 4618 Hoc
440 4552 512 4616 dico
535 4575 587 4629 ne,
613 4552 637 4617 si
659 4553 758 4616 frater
782 4552 923 4617 Thomas
945 4553 1105 4618 sinistrum
1129 4557 1303 4642 quippiam·

344 4654 476 4718 auribus
498 4653 611 4718 vestris
631 4653 787 4718 instillare
810 4655 1060 4740 praesumpserit,
1087 4657 1182 4721 fidem
1207 4658 1296 4724 adhi-

344 4756 456 4837 beatis,
471 4757 621 4843 quoniam
645 4770 691 4822 est
715 4757 837 4845 aliquid
860 4757 943 4823 inter
965 4780 1015 4821 me
1037 4770 1069 4822 et
1092 4759 1194 4838 illum,
1210 4760 1296 4825 unde

349 4872 503 4937 vestrum,
519 4870 575 4923 aut
596 4858 725 4923 discreti
740 4857 913 4945 cujuslibet
930 4881 992 4924 non
1009 4859 1180 4964 reformido
1193 4860 1301 4927 subire
