3300 6434
365 1160 474 1234 1167]
744 1173 924 1218 nersronn.
988 1237 989 1241 Ἰ
1254 1160 1317 1216 309

357 1328 418 1390 atsi
441 1349 506 1390 non
529 1326 683 1411 expediat
704 1326 859 1407 religioni.
904 1324 1018 1387 Timeo
1041 1344 1178 1405 ergone
1200 1327 1311 1408 appel·

354 1430 482 1493 lationis
497 1429 582 1492 diem
598 1437 742 1510 oporteat
757 1426 933 1509 expectari,
948 1435 981 1488 et
1005 1445 1103 1508 quum
1126 1446 1165 1488 eo
1180 1435 1310 1487 ventum

354 1530 458 1604 fuerit,
485 1550 537 1606 ne,
563 1528 619 1611 qui
645 1526 784 1608 diligunt
809 1545 952 1600 munera,
977 1533 1153 1608 sequantur
1177 1524 1310 1586 retribu-

353 1628 475 1692 tiones:
506 1647 615 1690 vereor
636 1626 723 1689 enim
745 1625 908 1707 angustias
930 1625 1092 1707 temporis,
1116 1635 1148 1687 et
1175 1625 1309 1688 circum-

354 1730 488 1793 stantias
502 1742 636 1806 nostras,
651 1740 684 1793 et
698 1729 840 1792 aliorum.
880 1726 1018 1804 Nostris,
1029 1727 1127 1789 immo
1144 1724 1263 1788 Christi
1278 1737 1310 1789 et

353 1831 500 1895 ecclesiae
522 1830 721 1909 adversariis,
743 1829 908 1892 decretum
929 1838 978 1890 est
1003 1837 1039 1890 ut
1060 1848 1121 1890 nos
1143 1827 1309 1890 vulnerent

354 1941 387 1994 et
402 1931 589 1995 confodiant
602 1932 711 2015 spoliis
726 1930 854 2007 nostris,
868 1929 985 2013 quibus
999 1929 1027 1993 si
1041 1929 1167 1991 interim
1181 1928 1309 1991 vexatio

352 2031 429 2096 data
450 2035 545 2098 fuerit
567 2033 607 2097 ad
629 2035 839 2112 intellectum,
860 2032 994 2095 fortasse
1017 2031 1182 2115 proniores
1204 2039 1307 2104 amnt,

353 2145 441 2198 metu
455 2136 598 2200 laborum
614 2147 646 2198 et
660 2145 857 2219 sumptuum,
873 2132 914 2197 ad
938 2154 1053 2216 pacem
1076 2130 1307 2195 reformandam

352 2237 412 2300 sibi
439 2250 470 2301 et
494 2240 597 2302 nobis.
642 2240 726 2302 Nam
751 2239 814 2301 hoc
836 2239 944 2320 ipsum
969 2236 1123 2300 malitiam
1145 2258 1253 2300 eorum
1276 2251 1309 2300 et

352 2337 520 2403 audaciam
535 2340 642 2416 nutrit,
656 2339 743 2424 quod
757 2340 852 2401 nobis
869 2339 945 2401 solis
967 2339 1196 2414 laborantibus,
1211 2338 1258 2401 illi
1273 2338 1308 2401 in

352 2443 517 2525 opulentia
542 2455 575 2507 et
599 2442 816 2526 voluptatibus
841 2443 907 2504 suis
932 2443 1088 2506 hactenus
1114 2442 1308 2525 quieverunt.

351 2543 396 2606 Et
418 2545 493 2627 quia
507 2545 680 2608 humanum
694 2544 788 2606 nobis
804 2544 895 2606 deest
917 2543 1087 2618 auxilium,
1102 2553 1170 2605 tota
1191 2544 1307 2605 mentis

350 2644 527 2708 intentione
550 2646 770 2725 confugiamus
793 2643 836 2707 ad
858 2644 1044 2718 Dominum,
1070 2652 1104 2705 ut
1127 2665 1147 2705 a
1168 2665 1307 2727 praesen-

351 2745 436 2808 tibus
452 2756 483 2807 et
496 2746 737 2811 imminentibus
755 2745 849 2807 malis
872 2744 1034 2826 expediat,
1050 2758 1081 2807 et
1103 2755 1194 2809 scuto
1210 2746 1304 2808 mise-

350 2847 481 2909 rationis
496 2869 562 2910 suae
578 2844 756 2911 circumdet
769 2867 829 2908 nos
846 2847 959 2908 veritas
974 2845 1052 2926 ejus.

401 3286 621 3350 EPISTOLA
645 3286 948 3349 CLXXXIV.-an
963 3303 1253 3351 naaruonounuu

480 3406 696 3450 exournusnu
713 3405 910 3450 EPlscoPUll.
959 3387 1043 3467 [an.
1063 3391 1172 3466 1167]

386 3521 526 3582 Domino
541 3522 776 3584 Bartholcmoeo
792 3522 976 3585 anvricnsi
990 3523 1151 3604 Episcopo
1165 3526 1262 3589 ‚loom

772 3623 880 3685 Seres.

391 3741 516 3803 Murra
531 3738 660 3824 quidem
675 3740 846 3803 scribenda
861 3753 979 3817 essent,
992 3743 1049 3807 sed
1059 3746 1208 3828 angustia
1217 3760 1296 3811 tem·

346 3838 442 3927 poris,
465 3853 498 3904 et
519 3841 769 3905 necessariarum
794 3845 950 3906 tumultus
971 3848 1220 3930 occupationum
1243 3870 1298 3912 co·

345 3955 434 4027 gunt,
447 3957 482 4007 ut
491 3944 744 4028 eaperstringam
754 3945 861 4027 potius
871 3966 966 4027 quam
974 3969 1147 4030 exponam.
1172 3950 1295 4032 Recepi

344 4069 455 4131 nuper,
478 4060 607 4110 auctore
637 4047 791 4125 Domino,
813 4048 941 4110 fratrem
972 4070 1077 4111 meum
1107 4034 1297 4131 benignitati

345 4155 378 4212 et
397 4149 580 4212 liberalitati
602 4160 714 4212 vestrae
737 4149 1010 4229 congratulantem
1033 4150 1068 4212 in
1090 4152 1244 4234 plurimis,
1263 4164 1295 4216 et

344 4269 395 4311 me
424 4259 539 4331 praeter
564 4249 744 4332 plurimam,
767 4270 863 4332 quam
893 4250 1050 4314 habebam
1078 4251 1120 4314 ad
1149 4274 1217 4331 vos,
1239 4253 1295 4316 de·

344 4349 516 4427 notionem,
525 4352 621 4430 longe
636 4350 829 4413 devotiorem
844 4351 932 4428 fecit,
946 4361 979 4414 et
988 4352 1091 4434 magis
1105 4354 1293 4418 obnoxium.

343 4451 384 4513 In
411 4451 513 4535 ipsius
537 4474 610 4516 vero
635 4451 774 4516 adventu
797 4453 966 4536 cujusdam
988 4455 1174 4518 amicissimi
1196 4458 1295 4519 nostri

341 4554 450 4635 recepi
473 4554 606 4630 litteras,
621 4552 735 4637 quides
757 4574 808 4616 me
831 4555 933 4617 voluit
953 4556 1154 4638 praemunire,
1170 4567 1203 4619 et
1224 4579 1291 4637 vos,

343 4654 370 4717 si
387 4654 455 4716 fieri
471 4666 590 4736 posset,
605 4675 662 4737 per
676 4675 737 4729 me,
753 4653 841 4738 quod
856 4675 914 4717 rex
936 4657 1091 4740 praecepit
1112 4678 1172 4740 per
1188 4658 1292 4722 Jocel.

341 4754 382 4819 de
401 4755 552 4834 Ballolio,
570 4766 602 4819 et
622 4754 776 4839 quosdam
797 4755 877 4819 alios
892 4755 1052 4820 ministros
1067 4757 1194 4839 pietatis
1214 4781 1291 4839 suae,
