3300 6434
584 1016 648 1076 trs
845 1027 981 1072 roanms
996 1025 1273 1073 sannsnnmsnsm
1442 1007 1487 1091 [s.
1508 1027 1548 1073 n.

587 1193 620 1247 et
640 1187 746 1244 vestra
766 1180 922 1263 recipere,
935 1189 968 1243 et
990 1190 1176 1258 vestrorum,
1197 1177 1371 1243 dummodo
1393 1176 1485 1241 robis
1510 1188 1548 1242 et

584 1282 650 1346 illis
664 1281 819 1345 securitas
832 1290 1028 1365 procuretur,
1043 1293 1076 1344 et
1091 1265 1229 1345 ecclesia
1242 1281 1276 1344 in
1299 1301 1371 1351 eam
1392 1280 1547 1343 restitera-

585 1393 637 1448 tur
650 1382 841 1458 libertatem,
853 1382 888 1446 in
903 1404 967 1467 qua
978 1394 1044 1446 erat
1058 1392 1230 1466 antequam
1242 1380 1345 1466 ipsam
1360 1379 1547 1464 iniquitatis

586 1484 683 1569 hujus
703 1484 846 1568 procella
864 1494 1060 1561 concuteret,
1075 1505 1178 1569 eoque
1199 1484 1375 1548 modestius
1395 1483 1544 1549 scribon·

587 1585 676 1664 dum,
703 1593 737 1648 et
764 1584 965 1651 conditiones
997 1606 1115 1650 censeo
1149 1585 1337 1667 exigendas,
1366 1606 1431 1671 qno
1457 1583 1544 1649 mihi

587 1687 703 1754 certior
730 1707 802 1750 esee
829 1686 939 1751 videor
963 1690 1089 1755 animos
1114 1686 1351 1753 adversantium
1379 1685 1546 1752 Ecclesiae

587 1786 722 1853 Domini
747 1788 793 1852 sic
817 1786 984 1854 induratos
1003 1809 1083 1863 esse,
1106 1797 1141 1852 ut
1161 1789 1283 1853 nullam
1305 1788 1437 1852 omnino
1459 1806 1544 1853 cons

588 1889 743 1956 ditionem
771 1888 952 1967 admittant,
980 1889 1044 1953 nisi
1081 1909 1154 1974 qum
1182 1890 1331 1955 ecclesia
1359 1889 1545 1959 libertatem

585 1999 717 2068 evertat,
746 2001 780 2056 et
807 2001 956 2070 vestram,
984 2004 1017 2054 et
1054 1990 1197 2054 omnium
1233 2001 1378 2056 nostrum
1407 1989 1548 2065 subruat

585 2091 795 2157 honestatem.
840 2091 1001 2174 Scriptum
1027 2102 1135 2154 tamen
1165 2102 1296 2156 eatenus
1324 2090 1478 2175 proderit,
1504 2099 1549 2155 ut

586 2193 680 2257 robis
701 2192 745 2257 ait
765 2201 877 2258 eontm
902 2192 1113 2274 malignantes
1142 2192 1313 2274 episcopos
1337 2193 1372 2255 in
1397 2194 1548 2258 testim0-.

586 2292 688 2376 nium,
710 2303 743 2356 et
767 2291 926 2356 modestia
950 2302 1063 2370 vestra,
1086 2291 1173 2381 quod
1199 2294 1370 2376 plurimum
1396 2291 1548 2377 expedit,

588 2395 739 2463 omnibus
751 2392 940 2457 innotescat.
1261 2401 1263 2404 ’

632 2494 768 2570 sivero,
789 2492 879 2577 quod
898 2514 966 2557 non
986 2514 1091 2578 spero,
1109 2493 1156 2557 illi
1177 2494 1246 2559 hoec
1267 2498 1334 2579 regi
1353 2495 1549 2573 obtulerint,

587 2596 711 2678 etipse
736 2593 938 2658 conditiones
964 2593 1138 2670 admiserit,
1166 2597 1331 2681 usquead
1356 2595 1547 2667 cautionem

588 2695 777 2777 securitatis,
791 2716 857 2759 non
871 2693 999 2760 videtur
1020 2695 1099 2760 mihi
1121 2695 1210 2779 quod
1230 2718 1288 2761 voe
1309 2699 1341 2761 in
1362 2699 1460 2763 verbo
1481 2696 1550 2764 illo.

587 2798 682 2872 nimis
692 2799 898 2882 scrupulosos
909 2818 979 2861 esse
990 2794 1153 2880 expediat,
1165 2797 1340 2863 dummodo
1351 2799 1545 2883 imperatrix

586 2908 620 2970 et
633 2896 895 2980 archiepiscopus
910 2917 944 2961 se
959 2897 1174 2980 interponant,
1189 2907 1222 2961 et
1236 2919 1290 2962 rex
1307 2898 1548 2982 protestatione

587 2997 718 3081 publica
732 3010 765 3060 et
778 2996 935 3079 scriptura
948 3006 1080 3079 patente
1094 3017 1150 3061 vos
1165 3007 1198 3060 et
1211 3011 1330 3064 vestros
1337 3000 1454 3084 jubeat
1466 3020 1548 3065 esse

586 3118 725 3163 securos.
771 3096 857 3169 Quid
880 3098 967 3179 enim
992 3097 1018 3161 si
1043 3099 1134 3162 Deus
1158 3098 1219 3162 bac
1243 3100 1461 3166 sollicitudine
1483 3123 1549 3173 vos

587 3199 762 3272 exercitare
771 3195 957 3276 decreverit,
970 3206 1006 3263 ut
1016 3198 1130 3265 viralis
1143 3198 1177 3264 in
1190 3198 1297 3266 medio
1308 3200 1547 3282 insidiantium,

587 3313 620 3366 et
633 3299 844 3365 obsideamini
859 3302 900 3365 ab
923 3301 988 3364 illis
1010 3300 1064 3385 qui
1085 3313 1233 3384 querunt
1246 3303 1386 3369 animam
1401 3311 1546 3369 vestram

587 3416 624 3476 ut
647 3400 795 3467 auferant
817 3400 911 3466 carn?
951 3404 1068 3466 Nonne
1091 3425 1134 3467 ex
1159 3425 1257 3468 causa
1282 3405 1441 3471 consimili
1464 3407 1549 3479 Gad

590 3502 750 3583 Propheta
767 3501 874 3566 Darid
896 3503 1152 3585 peregrinantem
1172 3527 1192 3569 a
1210 3506 1290 3570 secie
1311 3506 1417 3571 Saulis
1436 3506 1551 3572 redire

586 3599 719 3678 monuit,
746 3611 781 3691 et
803 3603 961 3683 compulit
981 3605 1015 3666 in
1041 3604 1199 3685 Judaeam,
1224 3619 1261 3670 ut
1285 3607 1314 3670 ei
1336 3608 1550 3674 inimicorum

587 3697 712 3767 insidiae
741 3695 781 3759 ad
806 3699 959 3761 exercitia
984 3701 1131 3764 virtutum
1160 3704 1361 3784 proficerent,
1387 3717 1420 3787 et
1445 3709 1552 3781 meriff

586 3813 689 3879 torum
704 3795 906 3877 insigniasic
924 3797 1039 3860 clarius
1055 3799 1234 3864 radiarent?
1358 3786 1360 3790 Α
1414 3786 1417 3793 ’
1452 3788 1454 3792 ⁴

631 3899 696 3973 Sed
718 3908 830 3982 arguet
852 3898 925 3982 quis
949 3897 1078 3961 sortasse
1104 3899 1312 3965 temeritatem
1338 3901 1433 3986 hujus
1460 3925 1555 3987 con,

586 4001 661 4080 silii,
692 4012 789 4084 caput
818 4009 955 4063 restrum
986 3997 1155 4064 hostilibus
1190 4001 1306 4081 gladiis
1335 4002 1553 4088 objectantis,

588 4103 737 4186 dicetque
763 4099 964 4164 commodius
986 4122 1067 4178 esse,
1093 4112 1126 4165 et
1151 4103 1287 4178 cautius,
1313 4115 1483 4186 expectare
1508 4124 1555 4189 ut

586 4201 769 4290 peregeritis
792 4201 1023 4285 poenitentiam,
1040 4203 1116 4285 qnia
1138 4225 1180 4268 ex
1202 4205 1401 4269 conscientia
1423 4226 1553 4288 peccas

586 4321 688 4371 torum
711 4301 855 4366 nondum
878 4303 945 4387 apti
967 4305 1043 4368 estis
1065 4307 1224 4389 martyrio.
1274 4307 1326 4370 Ad
1350 4307 1436 4392 quod
1463 4331 1552 4393 ego:¹

587 4409 693 4472 Nemo
709 4426 774 4468 non
795 4418 891 4488 aptus
905 4415 965 4482 est,
981 4406 1039 4469 nisi
1065 4405 1119 4490 qui
1140 4430 1204 4471 non
1221 4410 1287 4472 vult
1307 4411 1373 4491 pati
1392 4429 1451 4494 pro
1474 4412 1552 4482 fide

588 4521 620 4570 et
634 4506 784 4590 oporibus
807 4505 895 4582 fidei,
910 4507 1059 4588 paruulus
1082 4508 1178 4570 sitan
1196 4507 1333 4586 adultus,
1347 4511 1367 4572 J
1371 4508 1482 4574 udaeus
1500 4537 1551 4582 an

590 4608 737 4682 (inutilis,
754 4607 956 4670 Christianus
979 4628 1019 4669 au
1041 4607 1191 4684 infidelis,
1207 4610 1252 4670 vir
1272 4633 1313 4673 an
1337 4611 1460 4687 mulier,
1476 4635 1554 4697 nou
