3300 6434
447 1227 486 1285 76
704 1235 841 1281 Joaaurs
856 1232 1132 1279 sanasasruanms
1303 1214 1347 1295 [Α.
1357 1227 1396 1277 u.

445 1388 527 1452 enim
544 1388 678 1451 thronus
692 1385 723 1448 in
739 1407 811 1448 eum
824 1384 934 1467 rigore
949 1382 1050 1445 solido
1061 1383 1237 1457 roboratur,
1250 1383 1308 1468 qui
1325 1397 1394 1447 tan·

446 1503 550 1553 tarum
564 1488 718 1551 virtutum
734 1486 850 1549 nititur
865 1484 1088 1549 fundamentis.
1128 1487 1209 1548 Haec
1218 1485 1251 1547 in
1261 1483 1394 1547 auribus

445 1588 865 1672 vestriscrebrorepetimus,
875 1609 913 1649 eo
924 1584 1012 1670 quod
1021 1597 1145 1649 constat
1156 1586 1256 1672 ipsam
1267 1598 1394 1670 gratam

405 1690 408 1697 '
442 1713 511 1754 esse
525 1689 651 1753 auditui
670 1701 794 1751 vestro:
818 1700 849 1751 et
866 1688 947 1750 sicut
964 1686 994 1750 in
1017 1706 1112 1769 opere
1132 1686 1277 1759 clariora,
1292 1686 1337 1749 ita
1352 1707 1392 1748 ex

443 1813 506 1855 usu
527 1790 687 1875 frequenti
710 1787 868 1873 majestati
891 1800 1004 1851 vcstrae
1018 1786 1159 1871 gratiora
1173 1799 1257 1851 sunt.
1304 1788 1393 1849 Dum

443 1892 476 1954 in
507 1891 556 1953 his
585 1902 689 1954 vestra
718 1902 863 1952 versatur
890 1886 1037 1966 intentio,
1066 1887 1338 1973 prosperabuntur
1360 1885 1392 1948 iu

447 1991 596 2066 Domino,
619 2003 651 2053 et
672 1989 703 2052 in
735 1989 835 2054 totius
863 1988 975 2052 mundi
997 1987 1099 2072 gloria
1126 2008 1254 2070 gressus
1283 1986 1393 2050 vestri.

444 2092 526 2155 Nam
549 2104 581 2157 et
604 2092 664 2154 hoc
688 2092 885 2169 Sanctorum,
907 2111 1045 2175 quorum
1075 2089 1176 2175 quieti
1198 2088 1392 2175 prospicitis,

443 2185 594 2277 suffragia
622 2191 850 2276 impetrabunt.
916 2190 1079 2254 Incumbit
1109 2190 1305 2254 orationibus
1334 2212 1393 2276 pro

443 2292 533 2356 vobis
547 2292 588 2355 ad
604 2293 779 2357 Dominum
799 2293 1025 2356 monasterium
1043 2306 1160 2356 sanctae
1175 2292 1289 2357 Mariae
1305 2281 1405 2355 Eho-¹

443 2393 588 2465 recensis,
605 2392 691 2480 quod
708 2405 797 2456 tanto
818 2393 908 2456 vobis
922 2393 1103 2457 fiducialius
1123 2394 1391 2470 commendamus,

446 2509 567 2581 quanto
581 2519 620 2558 ex
636 2496 777 2558 omnium
801 2495 1040 2580 provincialium
1056 2496 1236 2560 testimonio
1254 2495 1344 2575 illud,
1358 2510 1390 2560 ct

444 2618 528 2660 vcroe
539 2596 698 2681 religionis
707 2597 809 2670 cultu,
827 2611 858 2661 et
869 2596 921 2682 pia
935 2597 1103 2662 devotione
1118 2598 1150 2661 in
1163 2619 1219 2661 ros
1234 2610 1265 2660 et
1275 2596 1390 2661 liberos

447 2712 566 2764 vestros
581 2697 852 2763 commendatione
866 2698 994 2781 dignius
1008 2722 1074 2762 esse
1089 2698 1287 2763 confidimus.
1309 2700 1392 2761 Tur-

444 2799 535 2864 bavit
554 2821 662 2886 pacem
684 2799 754 2884 ejus
775 2799 910 2878 diutius,
925 2798 1006 2863 sieut
1022 2822 1081 2885 pro
1099 2813 1186 2864 certo
1201 2799 1390 2886 accepimus,

445 2900 543 2964 frater
572 2899 714 2985 quidam,
744 2901 799 2985 qui
830 2900 957 2964 tandem
987 2914 1120 2986 urgente
1150 2924 1182 2965 se
1212 2900 1332 2965 malitia
1361 2918 1393 2967 et

443 2999 573 3065 levitate
595 3023 731 3076 morum,
754 3001 841 3065 velut
861 3001 952 3088 palea
973 3001 1096 3066 inutilis
1110 3003 1151 3067 ab
1173 3026 1246 3066 area
1261 3002 1391 3066 Domini

442 3101 589 3166 avolavit.
636 3100 760 3166 Deinde
790 3116 926 3166 vestram
957 3104 1037 3168 adiit
1061 3104 1256 3188 majestatem
1287 3117 1324 3167 ut
1351 3126 1390 3166 ex

442 3226 480 3267 eo
495 3226 527 3266 se
542 3202 690 3267 odibilem
708 3205 847 3268 Domino
862 3205 1071 3281 convinceret,
1091 3204 1179 3289 quod
1201 3209 1388 3268 monasterio

440 3304 607 3368 detrahere
622 3326 683 3367 non
699 3305 841 3385 erubuit,
851 3317 883 3369 et
892 3319 1003 3370 contra
1014 3303 1155 3389 regulam
1175 3303 1212 3368 B.
1225 3305 1389 3370 Benedicti

443 3404 644 3490 privilegium
667 3405 873 3491 delinquendi
894 3421 1027 3471 conatus
1052 3418 1100 3470 est
1122 3406 1307 3491 impetrare:
1331 3431 1390 3492 pro

439 3508 614 3571 reverentia
626 3519 731 3572 vestra
740 3510 910 3572 volucrunt
922 3531 993 3572 eum
1007 3509 1144 3593 recipere
1155 3509 1269 3573 fratres
1279 3531 1389 3572 secun·

441 3605 518 3671 dum
532 3619 654 3673 statuta
664 3608 785 3672 ordinis
797 3609 856 3674 sui.
882 3612 928 3674 At
937 3609 1072 3695 ipsenon
1085 3609 1249 3695 adquievit
1258 3610 1388 3689 intrare,

443 3708 503 3771 nisi
515 3708 656 3792 ingressu
669 3712 738 3796 ejus
749 3711 829 3775 ordo
840 3711 1032 3775 monasticus
1044 3710 1228 3775 solveretur.
1265 3715 1389 3777 Vestras

442 3806 551 3893 itaque
573 3809 767 3876 excellentiae
790 3815 1006 3898 supplicamus
1021 3825 1055 3876 ut
1072 3812 1212 3897 ejusdem
1227 3813 1390 3895 religiosos

447 3908 506 3972 loci
529 3909 642 3974 fratres
664 3912 799 3997 benigne
814 3913 965 3987 audiatis,
988 3912 1080 3977 atilli
1095 3915 1217 3995 negetis
1231 3914 1390 3991 auditum,

442 4013 499 4098 qui
514 4010 628 4074 fratres
643 4035 702 4098 pro
716 4014 807 4078 vobis
824 4014 945 4097 jugiter
958 4025 1083 4075 orantes
1099 4012 1212 4077 nititur
1226 4012 1390 4099 impedire.

442 4112 496 4175 Ad
512 4113 580 4176 haee
594 4134 719 4176 causam
734 4113 921 4177 universalis
936 4111 1076 4177 ecclesias
1091 4125 1165 4175 ante
1180 4111 1275 4196 pedes
1297 4114 1389 4176 mise-

439 4212 584 4276 ricordiae
605 4228 718 4277 vestrae
738 4213 899 4300 provoluti
930 4212 1019 4277 vohis
1049 4214 1204 4277 attentius
1232 4235 1389 4276 commen-

440 4314 568 4378 damus:
585 4328 733 4399 rogantes
748 4316 923 4379 Dominum
934 4337 993 4401 pro
1003 4314 1105 4387 nobis,
1122 4325 1153 4378 et
1167 4337 1223 4378 vos
1232 4337 1291 4401 pro
1300 4315 1389 4378 vobis

409 4424 411 4427 ’
439 4428 469 4478 et
493 4414 623 4478 ecclesia
646 4429 761 4490 vestra,
785 4439 824 4480 ne
846 4416 886 4479 ad
909 4438 1017 4503 preces
1039 4416 1237 4502 imperatoris
1266 4414 1389 4499 aliquid

439 4528 600 4580 statuatur
629 4539 647 4578 a
678 4517 777 4595 vobis,
809 4517 893 4582 uude
924 4518 1014 4581 furor
1044 4517 1222 4583 schismatis
1250 4516 1387 4601 amplius

442 4614 620 4682 invalescat.
