3300 6434
523 1190 587 1248 280
761 1201 896 1245 soauurs
913 1199 1190 1244 saansaauraasrs
1379 1181 1425 1260 [a.
1442 1197 1475 1242 n.

524 1354 604 1437 ejus,
619 1355 673 1437 qui
689 1353 718 1415 ei
733 1354 890 1416 successit
902 1353 936 1415 in
951 1373 1096 1431 regnum,
1112 1350 1246 1415 totidem
1261 1352 1355 1413 misit
1401 1351 1476 1413 Rex

525 1456 717 1519 Francorum
742 1454 964 1517 Cantuariensi
990 1454 1232 1537 archiepiscopo
1258 1454 1476 1537 patrocinatur

524 1557 556 1617 in
580 1556 740 1631 omnibus,
755 1567 787 1618 ct
809 1576 882 1617 eum
906 1556 1006 1636 magis
1027 1566 1193 1618 veneratur
1216 1576 1312 1638 quam
1338 1553 1475 1630 fratrem,

524 1670 720 1741 querentem
743 1658 828 1720 circa
852 1658 1026 1736 Auglorum
1053 1657 1174 1719 curiam
1199 1657 1400 1727 innovantur,
1416 1650 1473 1717 ubi

523 1780 624 1822 rerum
652 1759 772 1821 crebrae
802 1759 994 1820 mutationes
1020 1769 1106 1834 sunt,
1129 1758 1220 1820 vobis
1248 1758 1373 1819 notiora
1401 1775 1472 1818 esse

522 1859 656 1922 arbitror
676 1880 772 1942 quam
795 1859 898 1921 nobis.
944 1860 1059 1941 Vigeat
1072 1873 1104 1922 et
1124 1870 1326 1944 prosperetur
1346 1858 1379 1919 in
1404 1857 1473 1919 Do-

523 1961 611 2023 mino
625 1960 799 2044 paternitas
813 1973 926 2037 vestra,
940 1972 973 2023 et
992 1981 1052 2023 nos
1073 1972 1254 2024 sanctorum
1277 1959 1473 2023 orationibus

523 2060 651 2125 studeat
679 2059 914 2137 commendare,
940 2073 977 2122 ut
1004 2081 1063 2122 nos
1092 2062 1296 2123 consolentur
1324 2060 1357 2121 in
1386 2059 1473 2121 omni

522 2163 725 2226 tribulatione
755 2172 872 2225 nostro.
933 2161 1141 2223 Reuertemur
1178 2172 1283 2224 autem
1313 2181 1414 2244 quum
1443 2160 1471 2222 ei

523 2265 688 2349 placuerit,
710 2265 765 2347 qui
792 2285 851 2326 nos
868 2263 1046 2344 segregarit
1066 2263 1107 2326 ad
1130 2263 1338 2337 exulandum,
1361 2276 1393 2327 et
1414 2283 1472 2346 pro

523 2387 598 2449 quo,
635 2378 791 2449 quatenus
828 2364 857 2426 ei
894 2363 1132 2445 beneplacitum
1170 2363 1274 2439 fuerit,
1310 2362 1472 2424 voluntate

521 2467 756 2550 promptissima
782 2464 983 2529 decrevimus
1011 2464 1153 2541 exulare,
1182 2476 1215 2527 et
1243 2463 1376 2527 adversa
1403 2463 1471 2546 peti

521 2589 593 2650 quae
602 2567 744 2651 jusserit,
759 2580 790 2629 et
809 2564 852 2629 ad
872 2566 943 2628 haec
963 2564 1152 2650 perferenda
1173 2564 1368 2628 roboraverit
1381 2562 1468 2625 intir-

521 2668 661 2732 mitatem
682 2680 834 2730 nostram.
879 2666 946 2729 Det
965 2667 1085 2728 utinam
1107 2686 1165 2730 sua
1185 2666 1286 2746 gratia
1307 2662 1468 2747 patientiae

520 2768 794 2850 perseverantiam,
809 2767 864 2850 qui
886 2764 1028 2848 indignis
1047 2787 1106 2849 pro
1121 2787 1156 2829 se
1170 2765 1315 2849 patiendi
1334 2763 1471 2827 contulit

522 2865 738 2929 voluntatem!

563 2970 677 3032 Valeat
691 2989 748 3052 pro
765 2982 838 3031 voto
853 2982 884 3031 et
899 2968 1041 3032 oratione
1056 2989 1138 3045 mea,
1150 2968 1296 3045 ecclesia,
1309 2980 1342 3031 et
1356 2967 1471 3031 domus

520 3081 622 3134 vestra
647 3081 723 3145 tota,
749 3083 781 3133 et
804 3091 914 3133 omnes
938 3071 993 3153 qui
1017 3070 1282 3134 intercessionum
1311 3068 1471 3133 beneficio

518 3170 756 3233 communicant
770 3171 953 3233 necessitati
969 3181 1094 3235 nostrae.

539 3447 756 3513 EPISTOLA
784 3448 1022 3512 CXLVL-an
1036 3467 1190 3512 Joauuarr
1207 3467 1453 3513 rrcravrrasan

774 3567 973 3612 arrscoruu.
1000 3548 1080 3628 [an.
1100 3549 1208 3630 troo]

813 3684 955 3746 Domino
970 3682 1164 3746 Pictaoensi.

558 3791 663 3853 chrrr
680 3790 768 3872 apud
791 3812 851 3854 nos
873 3794 998 3856 fortuna
1019 3814 1174 3856 novorum
1195 3815 1319 3877 parens,
1336 3797 1467 3858 etfama

515 3892 624 3955 nutrix
639 3903 671 3954 et
691 3892 897 3975 propagatrix
920 3906 1088 3957 eventuum
1105 3915 1247 3957 verorum
1262 3908 1295 3957 et
1309 3896 1467 3971 fictorum,

514 3995 592 4057 nihil
609 3992 830 4057 renovaverint
844 3994 944 4056 relatu
959 3993 1103 4076 dignum,
1119 4005 1150 4058 et
1163 3992 1252 4077 quod
1267 3996 1356 4057 vobis
1370 4014 1465 4074 opor-

514 4098 609 4160 tuerit
631 4094 782 4171 intimari,
805 4094 968 4158 scribendi
990 4107 1095 4160 tamen
1118 4094 1335 4159 necessitatem
1358 4116 1466 4157 rumor

514 4197 612 4259 tristis
626 4197 759 4272 invexit,
775 4208 808 4259 et
824 4217 889 4279 quo
905 4209 978 4277 post
993 4196 1169 4261 discessum
1186 4198 1274 4272 boni,
1289 4207 1321 4258 et
1341 4198 1464 4259 utinam

515 4318 640 4380 semper
676 4296 761 4359 beati
796 4294 918 4359 domini
948 4297 1058 4373 nostri,
1095 4297 1175 4358 nihil
1204 4296 1346 4373 omnino,
1377 4295 1464 4378 quod

513 4399 617 4460 verbis
645 4396 726 4459 meis
763 4397 924 4459 Dominus
961 4409 993 4458 et
1030 4396 1229 4460 conscientia
1265 4407 1463 4472 attestantur,

512 4497 630 4561 tristius
655 4495 762 4559 audivi
790 4497 838 4558 vel
860 4496 935 4573 vidi,
961 4496 1107 4579 quamvis
1127 4516 1196 4558 sors
1220 4517 1292 4558 mea
1311 4496 1462 4578 periculis

512 4596 637 4659 cunctis
646 4596 792 4678 exposita
804 4596 846 4657 sit
857 4605 889 4657 et
897 4593 1022 4678 jactata
1033 4595 1183 4679 procellis
1195 4595 1464 4672 indesinentibus,

512 4696 552 4755 ab
568 4716 606 4756 ea
627 4694 690 4769 die,
711 4716 774 4778 qua
796 4709 918 4778 patrem
937 4694 1032 4757 nobis
1054 4704 1086 4757 et
1107 4692 1273 4755 dominum
1294 4694 1463 4774 dispositio

511 4793 620 4856 divina
635 4795 801 4857 subtraxit.
850 4794 1015 4877 Siquidem
1037 4795 1117 4857 socii
1134 4795 1245 4870 nostri,
1261 4795 1316 4876 qui
1333 4793 1463 4855 Parisiis
