<?xml version="1.0" encoding="UTF-8"?>
<!DOCTYPE html PUBLIC "-//W3C//DTD XHTML 1.0 Transitional//EN"
    "http://www.w3.org/TR/xhtml1/DTD/xhtml1-transitional.dtd">
<html xmlns="http://www.w3.org/1999/xhtml" xml:lang="en" lang="en">
 <head>
  <title>
</title>
<meta http-equiv="Content-Type" content="text/html;charset=utf-8" />
  <meta name='ocr-system' content='tesseract 3.04.00' />
  <meta name='ocr-capabilities' content='ocr_page ocr_carea ocr_par ocr_line ocrx_word'/>
</head>
<body>
  <div class='ocr_page' id='page_1' title='image "./joannissaresber14johngoog_0067.png"; bbox 0 0 3300 6434; ppageno 0'>
   <div class='ocr_carea' id='block_1_1' title="bbox 344 1226 911 1305">
    <p class='ocr_par' dir='ltr' id='par_1_1' title="bbox 344 1226 911 1305">
     <span class='ocr_line' id='line_1_1' title="bbox 344 1226 911 1305; baseline -0.007 -18"><span class='ocrx_word' id='word_1_1' title='bbox 344 1226 538 1305; x_wconf 51' lang='lat' dir='ltr'>llos-604</span> <span class='ocrx_word' id='word_1_2' title='bbox 733 1241 911 1286; x_wconf 71' lang='lat' dir='ltr'>seurota.</span> 
     </span>
    </p>
   </div>
   <div class='ocr_carea' id='block_1_2' title="bbox 423 1481 1217 1545">
    <p class='ocr_par' dir='ltr' id='par_1_2' title="bbox 423 1481 1217 1545">
     <span class='ocr_line' id='line_1_2' title="bbox 423 1481 1217 1545; baseline -0.003 -2"><span class='ocrx_word' id='word_1_3' title='bbox 423 1481 662 1544; x_wconf 82' lang='lat' dir='ltr'>EPISTOLA</span> <span class='ocrx_word' id='word_1_4' title='bbox 687 1481 885 1545; x_wconf 78' lang='lat' dir='ltr'>XLV.-—su</span> <span class='ocrx_word' id='word_1_5' title='bbox 903 1498 1050 1544; x_wconf 76' lang='lat' dir='ltr'>sanatas</span> <span class='ocrx_word' id='word_1_6' title='bbox 1067 1498 1217 1543; x_wconf 71' lang='lat' dir='ltr'>nautia.</span> 
     </span>
    </p>
   </div>
   <div class='ocr_carea' id='block_1_3' title="bbox 343 1612 1298 1796">
    <p class='ocr_par' dir='ltr' id='par_1_3' title="bbox 343 1612 1298 1796">
     <span class='ocr_line' id='line_1_3' title="bbox 343 1612 1298 1696; baseline 0 -20"><span class='ocrx_word' id='word_1_7' title='bbox 343 1615 477 1677; x_wconf 80' lang='lat' dir='ltr'>Dilectir</span> <span class='ocrx_word' id='word_1_8' title='bbox 491 1616 528 1676; x_wconf 77' lang='lat' dir='ltr'>in</span> <span class='ocrx_word' id='word_1_9' title='bbox 543 1613 779 1696; x_wconf 77' lang='lat' dir='ltr'>Domiaofiliis</span> <span class='ocrx_word' id='word_1_10' title='bbox 792 1612 964 1677; x_wconf 78' lang='lat' dir='ltr'>abbatibus</span> <span class='ocrx_word' id='word_1_11' title='bbox 980 1614 1151 1686; x_wconf 74' lang='lat' dir='ltr'>uniuersis,</span> <span class='ocrx_word' id='word_1_12' title='bbox 1167 1614 1207 1676; x_wconf 83' lang='lat' dir='ltr'>da</span> <span class='ocrx_word' id='word_1_13' title='bbox 1219 1618 1298 1676; x_wconf 80' lang='lat' dir='ltr'>siau</span> 
     </span>
     <span class='ocr_line' id='line_1_4' title="bbox 471 1713 1175 1796; baseline -0.004 -20"><span class='ocrx_word' id='word_1_14' title='bbox 471 1716 659 1777; x_wconf 79' lang='lat' dir='ltr'>monasterii</span> <span class='ocrx_word' id='word_1_15' title='bbox 680 1715 819 1778; x_wconf 83' lang='lat' dir='ltr'>Wauliae</span> <span class='ocrx_word' id='word_1_16' title='bbox 831 1716 1011 1796; x_wconf 80' lang='lat' dir='ltr'>procreatis</span> <span class='ocrx_word' id='word_1_17' title='bbox 1023 1713 1175 1778; x_wconf 72' lang='lat' dir='ltr'>salutem.</span> 
     </span>
    </p>
   </div>
   <div class='ocr_carea' id='block_1_4' title="bbox 343 1844 1307 4148">
    <p class='ocr_par' dir='ltr' id='par_1_4' title="bbox 343 1844 1307 4148">
     <span class='ocr_line' id='line_1_5' title="bbox 389 1844 1301 1932; baseline 0.001 -25"><span class='ocrx_word' id='word_1_18' title='bbox 389 1846 649 1909; x_wconf 76' lang='lat' dir='ltr'>Conuounrrlns</span> <span class='ocrx_word' id='word_1_19' title='bbox 661 1846 780 1931; x_wconf 91' lang='lat' dir='ltr'>scripto</span> <span class='ocrx_word' id='word_1_20' title='bbox 795 1857 904 1911; x_wconf 87' lang='lat' dir='ltr'>nostro</span> <span class='ocrx_word' id='word_1_21' title='bbox 920 1845 1034 1909; x_wconf 78' lang='lat' dir='ltr'>iratres</span> <span class='ocrx_word' id='word_1_22' title='bbox 1050 1844 1132 1924; x_wconf 85' lang='lat' dir='ltr'>illos,</span> <span class='ocrx_word' id='word_1_23' title='bbox 1144 1846 1201 1932; x_wconf 92' lang='lat' dir='ltr'>qui</span> <span class='ocrx_word' id='word_1_24' title='bbox 1217 1868 1236 1909; x_wconf 90' lang='lat' dir='ltr'>a</span> <span class='ocrx_word' id='word_1_25' title='bbox 1251 1845 1301 1910; x_wconf 87' lang='lat' dir='ltr'>sui</span> 
     </span>
     <span class='ocr_line' id='line_1_6' title="bbox 343 1945 1302 2027; baseline 0.001 -18"><span class='ocrx_word' id='word_1_26' title='bbox 343 1946 466 2011; x_wconf 90' lang='lat' dir='ltr'>abbatis</span> <span class='ocrx_word' id='word_1_27' title='bbox 477 1945 657 2011; x_wconf 88' lang='lat' dir='ltr'>obedientia</span> <span class='ocrx_word' id='word_1_28' title='bbox 667 1946 860 2027; x_wconf 81' lang='lat' dir='ltr'>recedentes,</span> <span class='ocrx_word' id='word_1_29' title='bbox 872 1970 978 2011; x_wconf 88' lang='lat' dir='ltr'>vocem</span> <span class='ocrx_word' id='word_1_30' title='bbox 995 1946 1135 2023; x_wconf 89' lang='lat' dir='ltr'>alterius,</span> <span class='ocrx_word' id='word_1_31' title='bbox 1148 1948 1198 2012; x_wconf 91' lang='lat' dir='ltr'>cui</span> <span class='ocrx_word' id='word_1_32' title='bbox 1213 1946 1302 2012; x_wconf 91' lang='lat' dir='ltr'>nullo</span> 
     </span>
     <span class='ocr_line' id='line_1_7' title="bbox 344 2047 1300 2135; baseline 0.003 -24"><span class='ocrx_word' id='word_1_33' title='bbox 344 2047 548 2135; x_wconf 81' lang='lat' dir='ltr'>professionis</span> <span class='ocrx_word' id='word_1_34' title='bbox 571 2050 700 2114; x_wconf 83' lang='lat' dir='ltr'>vinculo</span> <span class='ocrx_word' id='word_1_35' title='bbox 723 2051 912 2114; x_wconf 87' lang='lat' dir='ltr'>tenebantur</span> <span class='ocrx_word' id='word_1_36' title='bbox 938 2048 1094 2124; x_wconf 82' lang='lat' dir='ltr'>adstricti,</span> <span class='ocrx_word' id='word_1_37' title='bbox 1117 2049 1300 2125; x_wconf 87' lang='lat' dir='ltr'>audierunt,</span> 
     </span>
     <span class='ocr_line' id='line_1_8' title="bbox 343 2148 1302 2235; baseline 0 -24"><span class='ocrx_word' id='word_1_38' title='bbox 343 2162 468 2212; x_wconf 87' lang='lat' dir='ltr'>etcum</span> <span class='ocrx_word' id='word_1_39' title='bbox 490 2171 528 2211; x_wconf 88' lang='lat' dir='ltr'>eo</span> <span class='ocrx_word' id='word_1_40' title='bbox 548 2170 568 2210; x_wconf 90' lang='lat' dir='ltr'>a</span> <span class='ocrx_word' id='word_1_41' title='bbox 588 2152 832 2235; x_wconf 80' lang='lat' dir='ltr'>congregatione</span> <span class='ocrx_word' id='word_1_42' title='bbox 852 2162 883 2213; x_wconf 91' lang='lat' dir='ltr'>et</span> <span class='ocrx_word' id='word_1_43' title='bbox 904 2150 1027 2213; x_wconf 88' lang='lat' dir='ltr'>unitate</span> <span class='ocrx_word' id='word_1_44' title='bbox 1048 2150 1227 2213; x_wconf 90' lang='lat' dir='ltr'>monasterii</span> <span class='ocrx_word' id='word_1_45' title='bbox 1252 2148 1302 2213; x_wconf 90' lang='lat' dir='ltr'>sul</span> 
     </span>
     <span class='ocr_line' id='line_1_9' title="bbox 344 2249 1299 2327; baseline 0.002 -15"><span class='ocrx_word' id='word_1_46' title='bbox 344 2249 593 2314; x_wconf 87' lang='lat' dir='ltr'>declinaverunt.</span> <span class='ocrx_word' id='word_1_47' title='bbox 641 2250 693 2314; x_wconf 92' lang='lat' dir='ltr'>llli</span> <span class='ocrx_word' id='word_1_48' title='bbox 717 2273 792 2314; x_wconf 89' lang='lat' dir='ltr'>vero</span> <span class='ocrx_word' id='word_1_49' title='bbox 814 2249 1032 2327; x_wconf 90' lang='lat' dir='ltr'>nihilominus,</span> <span class='ocrx_word' id='word_1_50' title='bbox 1056 2260 1093 2313; x_wconf 93' lang='lat' dir='ltr'>ut</span> <span class='ocrx_word' id='word_1_51' title='bbox 1114 2249 1244 2324; x_wconf 91' lang='lat' dir='ltr'>dicitur,</span> <span class='ocrx_word' id='word_1_52' title='bbox 1268 2249 1299 2314; x_wconf 93' lang='lat' dir='ltr'>in</span> 
     </span>
     <span class='ocr_line' id='line_1_10' title="bbox 346 2350 1301 2438; baseline 0.001 -23"><span class='ocrx_word' id='word_1_53' title='bbox 346 2351 511 2415; x_wconf 79' lang='lat' dir='ltr'>schismate</span> <span class='ocrx_word' id='word_1_54' title='bbox 531 2352 746 2438; x_wconf 85' lang='lat' dir='ltr'>persistentes,</span> <span class='ocrx_word' id='word_1_55' title='bbox 766 2352 798 2415; x_wconf 92' lang='lat' dir='ltr'>in</span> <span class='ocrx_word' id='word_1_56' title='bbox 820 2351 1043 2416; x_wconf 87' lang='lat' dir='ltr'>contumeliam</span> <span class='ocrx_word' id='word_1_57' title='bbox 1066 2350 1186 2415; x_wconf 83' lang='lat' dir='ltr'>ordinis</span> <span class='ocrx_word' id='word_1_58' title='bbox 1206 2351 1301 2416; x_wconf 85' lang='lat' dir='ltr'>vestri</span> 
     </span>
     <span class='ocr_line' id='line_1_11' title="bbox 347 2451 1303 2543; baseline 0.001 -25"><span class='ocrx_word' id='word_1_59' title='bbox 347 2468 377 2519; x_wconf 88' lang='lat' dir='ltr'>et</span> <span class='ocrx_word' id='word_1_60' title='bbox 388 2454 536 2539; x_wconf 89' lang='lat' dir='ltr'>injuriam</span> <span class='ocrx_word' id='word_1_61' title='bbox 546 2451 677 2539; x_wconf 91' lang='lat' dir='ltr'>capituli</span> <span class='ocrx_word' id='word_1_62' title='bbox 687 2454 979 2543; x_wconf 75' lang='lat' dir='ltr'>cisterciensisquo</span> <span class='ocrx_word' id='word_1_63' title='bbox 988 2454 1029 2516; x_wconf 90' lang='lat' dir='ltr'>ab</span> <span class='ocrx_word' id='word_1_64' title='bbox 1039 2454 1303 2519; x_wconf 78' lang='lat' dir='ltr'>abbateWaulioe</span> 
     </span>
     <span class='ocr_line' id='line_1_12' title="bbox 347 2555 1303 2644; baseline 0.001 -24"><span class='ocrx_word' id='word_1_65' title='bbox 347 2556 543 2644; x_wconf 88' lang='lat' dir='ltr'>appellatum</span> <span class='ocrx_word' id='word_1_66' title='bbox 566 2569 624 2636; x_wconf 87' lang='lat' dir='ltr'>est,</span> <span class='ocrx_word' id='word_1_67' title='bbox 647 2555 739 2620; x_wconf 90' lang='lat' dir='ltr'>officii</span> <span class='ocrx_word' id='word_1_68' title='bbox 763 2556 863 2621; x_wconf 86' lang='lat' dir='ltr'>nostri</span> <span class='ocrx_word' id='word_1_69' title='bbox 886 2556 1100 2621; x_wconf 84' lang='lat' dir='ltr'>admonitione</span> <span class='ocrx_word' id='word_1_70' title='bbox 1121 2570 1303 2642; x_wconf 83' lang='lat' dir='ltr'>contempta</span> 
     </span>
     <span class='ocr_line' id='line_1_13' title="bbox 345 2655 1302 2744; baseline -0.001 -21"><span class='ocrx_word' id='word_1_71' title='bbox 345 2655 480 2723; x_wconf 87' lang='lat' dir='ltr'>eundem</span> <span class='ocrx_word' id='word_1_72' title='bbox 497 2658 643 2722; x_wconf 82' lang='lat' dir='ltr'>abbatem</span> <span class='ocrx_word' id='word_1_73' title='bbox 658 2657 747 2744; x_wconf 86' lang='lat' dir='ltr'>sequi</span> <span class='ocrx_word' id='word_1_74' title='bbox 758 2680 820 2722; x_wconf 90' lang='lat' dir='ltr'>non</span> <span class='ocrx_word' id='word_1_75' title='bbox 833 2655 1000 2722; x_wconf 87' lang='lat' dir='ltr'>desistunt.</span> <span class='ocrx_word' id='word_1_76' title='bbox 1031 2656 1129 2722; x_wconf 91' lang='lat' dir='ltr'>Unde</span> <span class='ocrx_word' id='word_1_77' title='bbox 1139 2659 1302 2723; x_wconf 86' lang='lat' dir='ltr'>caritatem</span> 
     </span>
     <span class='ocr_line' id='line_1_14' title="bbox 347 2758 1303 2846; baseline 0.001 -24"><span class='ocrx_word' id='word_1_78' title='bbox 347 2774 480 2825; x_wconf 87' lang='lat' dir='ltr'>vestram</span> <span class='ocrx_word' id='word_1_79' title='bbox 504 2760 708 2846; x_wconf 72' lang='lat' dir='ltr'>praesentium</span> <span class='ocrx_word' id='word_1_80' title='bbox 732 2761 923 2825; x_wconf 89' lang='lat' dir='ltr'>auctoritate</span> <span class='ocrx_word' id='word_1_81' title='bbox 945 2758 1114 2824; x_wconf 87' lang='lat' dir='ltr'>sollicitare</span> <span class='ocrx_word' id='word_1_82' title='bbox 1140 2759 1303 2846; x_wconf 91' lang='lat' dir='ltr'>compelli·</span> 
     </span>
     <span class='ocr_line' id='line_1_15' title="bbox 346 2858 1301 2945; baseline 0 -22"><span class='ocrx_word' id='word_1_83' title='bbox 346 2883 429 2936; x_wconf 88' lang='lat' dir='ltr'>mur,</span> <span class='ocrx_word' id='word_1_84' title='bbox 461 2873 497 2924; x_wconf 94' lang='lat' dir='ltr'>ut</span> <span class='ocrx_word' id='word_1_85' title='bbox 528 2860 737 2925; x_wconf 83' lang='lat' dir='ltr'>venerabilem</span> <span class='ocrx_word' id='word_1_86' title='bbox 768 2860 906 2924; x_wconf 90' lang='lat' dir='ltr'>amicum</span> <span class='ocrx_word' id='word_1_87' title='bbox 940 2871 1084 2924; x_wconf 89' lang='lat' dir='ltr'>nostrum</span> <span class='ocrx_word' id='word_1_88' title='bbox 1115 2858 1301 2945; x_wconf 82' lang='lat' dir='ltr'>Philippum</span> 
     </span>
     <span class='ocr_line' id='line_1_16' title="bbox 347 2961 1303 3048; baseline 0.001 -24"><span class='ocrx_word' id='word_1_89' title='bbox 347 2962 506 3039; x_wconf 88' lang='lat' dir='ltr'>abbatem,</span> <span class='ocrx_word' id='word_1_90' title='bbox 516 2961 746 3048; x_wconf 76' lang='lat' dir='ltr'>Eleemosynae,</span> <span class='ocrx_word' id='word_1_91' title='bbox 756 2963 860 3047; x_wconf 86' lang='lat' dir='ltr'>cujus,</span> <span class='ocrx_word' id='word_1_92' title='bbox 869 2975 905 3027; x_wconf 92' lang='lat' dir='ltr'>ut</span> <span class='ocrx_word' id='word_1_93' title='bbox 916 2961 1047 3038; x_wconf 92' lang='lat' dir='ltr'>dicitur,</span> <span class='ocrx_word' id='word_1_94' title='bbox 1056 2974 1221 3025; x_wconf 86' lang='lat' dir='ltr'>armantur</span> <span class='ocrx_word' id='word_1_95' title='bbox 1229 2983 1303 3025; x_wconf 88' lang='lat' dir='ltr'>oon·</span> 
     </span>
     <span class='ocr_line' id='line_1_17' title="bbox 348 3061 1304 3148; baseline 0.001 -23"><span class='ocrx_word' id='word_1_96' title='bbox 348 3063 429 3140; x_wconf 88' lang='lat' dir='ltr'>silio,</span> <span class='ocrx_word' id='word_1_97' title='bbox 453 3061 639 3148; x_wconf 85' lang='lat' dir='ltr'>diligentius</span> <span class='ocrx_word' id='word_1_98' title='bbox 661 3063 865 3140; x_wconf 85' lang='lat' dir='ltr'>conveniatis,</span> <span class='ocrx_word' id='word_1_99' title='bbox 887 3076 923 3128; x_wconf 92' lang='lat' dir='ltr'>ut</span> <span class='ocrx_word' id='word_1_100' title='bbox 947 3062 1083 3128; x_wconf 82' lang='lat' dir='ltr'>fratrum</span> <span class='ocrx_word' id='word_1_101' title='bbox 1106 3062 1233 3126; x_wconf 89' lang='lat' dir='ltr'>illorum</span> <span class='ocrx_word' id='word_1_102' title='bbox 1257 3063 1304 3126; x_wconf 91' lang='lat' dir='ltr'>in-</span> 
     </span>
     <span class='ocr_line' id='line_1_18' title="bbox 348 3163 1303 3253; baseline 0.002 -26"><span class='ocrx_word' id='word_1_103' title='bbox 348 3164 562 3229; x_wconf 88' lang='lat' dir='ltr'>obedientiam</span> <span class='ocrx_word' id='word_1_104' title='bbox 578 3187 779 3253; x_wconf 88' lang='lat' dir='ltr'>nequaquam</span> <span class='ocrx_word' id='word_1_105' title='bbox 795 3166 915 3244; x_wconf 81' lang='lat' dir='ltr'>foveat,</span> <span class='ocrx_word' id='word_1_106' title='bbox 931 3163 987 3229; x_wconf 86' lang='lat' dir='ltr'>ssd</span> <span class='ocrx_word' id='word_1_107' title='bbox 1003 3164 1043 3229; x_wconf 90' lang='lat' dir='ltr'>ad</span> <span class='ocrx_word' id='word_1_108' title='bbox 1059 3178 1180 3250; x_wconf 86' lang='lat' dir='ltr'>patrem</span> <span class='ocrx_word' id='word_1_109' title='bbox 1196 3187 1303 3240; x_wconf 86' lang='lat' dir='ltr'>suum,</span> 
     </span>
     <span class='ocr_line' id='line_1_19' title="bbox 347 3266 1304 3355; baseline -0.001 -25"><span class='ocrx_word' id='word_1_110' title='bbox 347 3267 403 3352; x_wconf 93' lang='lat' dir='ltr'>qui</span> <span class='ocrx_word' id='word_1_111' title='bbox 425 3288 480 3330; x_wconf 85' lang='lat' dir='ltr'>eos</span> <span class='ocrx_word' id='word_1_112' title='bbox 502 3267 535 3332; x_wconf 90' lang='lat' dir='ltr'>in</span> <span class='ocrx_word' id='word_1_113' title='bbox 559 3267 689 3332; x_wconf 88' lang='lat' dir='ltr'>Christo</span> <span class='ocrx_word' id='word_1_114' title='bbox 711 3268 911 3355; x_wconf 87' lang='lat' dir='ltr'>dignoscitur</span> <span class='ocrx_word' id='word_1_115' title='bbox 932 3267 1092 3353; x_wconf 84' lang='lat' dir='ltr'>genuisse,</span> <span class='ocrx_word' id='word_1_116' title='bbox 1106 3266 1212 3330; x_wconf 80' lang='lat' dir='ltr'>redire</span> <span class='ocrx_word' id='word_1_117' title='bbox 1233 3290 1304 3353; x_wconf 81' lang='lat' dir='ltr'>per-</span> 
     </span>
     <span class='ocr_line' id='line_1_20' title="bbox 349 3367 1305 3456; baseline -0.001 -25"><span class='ocrx_word' id='word_1_118' title='bbox 349 3369 468 3434; x_wconf 85' lang='lat' dir='ltr'>mittat.</span> <span class='ocrx_word' id='word_1_119' title='bbox 513 3369 644 3434; x_wconf 89' lang='lat' dir='ltr'>Eisdem</span> <span class='ocrx_word' id='word_1_120' title='bbox 661 3393 791 3456; x_wconf 90' lang='lat' dir='ltr'>quoque</span> <span class='ocrx_word' id='word_1_121' title='bbox 808 3368 963 3434; x_wconf 84' lang='lat' dir='ltr'>iratribus</span> <span class='ocrx_word' id='word_1_122' title='bbox 985 3367 1173 3433; x_wconf 89' lang='lat' dir='ltr'>auctoritate</span> <span class='ocrx_word' id='word_1_123' title='bbox 1196 3381 1305 3431; x_wconf 88' lang='lat' dir='ltr'>nostra</span> 
     </span>
     <span class='ocr_line' id='line_1_21' title="bbox 349 3467 1305 3557; baseline -0.001 -25"><span class='ocrx_word' id='word_1_124' title='bbox 349 3469 554 3557; x_wconf 74' lang='lat' dir='ltr'>praecipiatis,</span> <span class='ocrx_word' id='word_1_125' title='bbox 573 3484 608 3535; x_wconf 93' lang='lat' dir='ltr'>ut</span> <span class='ocrx_word' id='word_1_126' title='bbox 624 3471 766 3549; x_wconf 89' lang='lat' dir='ltr'>redeant,</span> <span class='ocrx_word' id='word_1_127' title='bbox 782 3485 814 3536; x_wconf 92' lang='lat' dir='ltr'>et</span> <span class='ocrx_word' id='word_1_128' title='bbox 830 3471 1023 3536; x_wconf 76' lang='lat' dir='ltr'>matrissuae</span> <span class='ocrx_word' id='word_1_129' title='bbox 1043 3469 1211 3532; x_wconf 87' lang='lat' dir='ltr'>scissuram</span> <span class='ocrx_word' id='word_1_130' title='bbox 1227 3467 1305 3531; x_wconf 90' lang='lat' dir='ltr'>cari-</span> 
     </span>
     <span class='ocr_line' id='line_1_22' title="bbox 351 3568 1306 3655; baseline -0.001 -21"><span class='ocrx_word' id='word_1_131' title='bbox 351 3571 426 3636; x_wconf 86' lang='lat' dir='ltr'>tatis</span> <span class='ocrx_word' id='word_1_132' title='bbox 449 3571 587 3648; x_wconf 89' lang='lat' dir='ltr'>vinculo,</span> <span class='ocrx_word' id='word_1_133' title='bbox 600 3571 707 3636; x_wconf 85' lang='lat' dir='ltr'>fructu</span> <span class='ocrx_word' id='word_1_134' title='bbox 729 3571 932 3649; x_wconf 81' lang='lat' dir='ltr'>obedientiae,</span> <span class='ocrx_word' id='word_1_135' title='bbox 948 3570 1072 3634; x_wconf 90' lang='lat' dir='ltr'>unitate</span> <span class='ocrx_word' id='word_1_136' title='bbox 1093 3568 1224 3655; x_wconf 85' lang='lat' dir='ltr'>spiritus</span> <span class='ocrx_word' id='word_1_137' title='bbox 1239 3581 1306 3634; x_wconf 88' lang='lat' dir='ltr'>stu·</span> 
     </span>
     <span class='ocr_line' id='line_1_23' title="bbox 350 3671 1306 3757; baseline -0.001 -21"><span class='ocrx_word' id='word_1_138' title='bbox 350 3673 446 3736; x_wconf 87' lang='lat' dir='ltr'>deant</span> <span class='ocrx_word' id='word_1_139' title='bbox 461 3674 622 3749; x_wconf 85' lang='lat' dir='ltr'>resarcire.</span> <span class='ocrx_word' id='word_1_140' title='bbox 657 3675 691 3738; x_wconf 87' lang='lat' dir='ltr'>Si</span> <span class='ocrx_word' id='word_1_141' title='bbox 707 3695 782 3736; x_wconf 89' lang='lat' dir='ltr'>vero</span> <span class='ocrx_word' id='word_1_142' title='bbox 798 3672 942 3737; x_wconf 89' lang='lat' dir='ltr'>mandati</span> <span class='ocrx_word' id='word_1_143' title='bbox 956 3671 1056 3737; x_wconf 90' lang='lat' dir='ltr'>nostri</span> <span class='ocrx_word' id='word_1_144' title='bbox 1072 3682 1306 3757; x_wconf 86' lang='lat' dir='ltr'>contemptores</span> 
     </span>
     <span class='ocr_line' id='line_1_24' title="bbox 350 3770 1305 3860; baseline 0.002 -25"><span class='ocrx_word' id='word_1_145' title='bbox 350 3773 381 3836; x_wconf 95' lang='lat' dir='ltr'>in</span> <span class='ocrx_word' id='word_1_146' title='bbox 405 3772 573 3836; x_wconf 87' lang='lat' dir='ltr'>schismate</span> <span class='ocrx_word' id='word_1_147' title='bbox 597 3795 655 3836; x_wconf 90' lang='lat' dir='ltr'>suo</span> <span class='ocrx_word' id='word_1_148' title='bbox 677 3795 878 3860; x_wconf 85' lang='lat' dir='ltr'>perseverare</span> <span class='ocrx_word' id='word_1_149' title='bbox 900 3770 1083 3851; x_wconf 84' lang='lat' dir='ltr'>maluerint,</span> <span class='ocrx_word' id='word_1_150' title='bbox 1104 3773 1305 3849; x_wconf 85' lang='lat' dir='ltr'>sententiam,</span> 
     </span>
     <span class='ocr_line' id='line_1_25' title="bbox 351 3874 1305 3961; baseline 0 -22"><span class='ocrx_word' id='word_1_151' title='bbox 351 3895 445 3961; x_wconf 90' lang='lat' dir='ltr'>quam</span> <span class='ocrx_word' id='word_1_152' title='bbox 461 3874 495 3937; x_wconf 92' lang='lat' dir='ltr'>in</span> <span class='ocrx_word' id='word_1_153' title='bbox 511 3897 564 3938; x_wconf 89' lang='lat' dir='ltr'>eos</span> <span class='ocrx_word' id='word_1_154' title='bbox 578 3875 676 3940; x_wconf 89' lang='lat' dir='ltr'>abbas</span> <span class='ocrx_word' id='word_1_155' title='bbox 688 3898 765 3941; x_wconf 86' lang='lat' dir='ltr'>suus</span> <span class='ocrx_word' id='word_1_156' title='bbox 779 3876 928 3941; x_wconf 90' lang='lat' dir='ltr'>canonice</span> <span class='ocrx_word' id='word_1_157' title='bbox 944 3875 1079 3953; x_wconf 86' lang='lat' dir='ltr'>dederit,</span> <span class='ocrx_word' id='word_1_158' title='bbox 1091 3888 1193 3940; x_wconf 88' lang='lat' dir='ltr'>ratam</span> <span class='ocrx_word' id='word_1_159' title='bbox 1209 3874 1305 3940; x_wconf 89' lang='lat' dir='ltr'>habe·</span> 
     </span>
     <span class='ocr_line' id='line_1_26' title="bbox 349 3974 1307 4064; baseline -0.001 -24"><span class='ocrx_word' id='word_1_160' title='bbox 349 3976 466 4050; x_wconf 89' lang='lat' dir='ltr'>bimus,</span> <span class='ocrx_word' id='word_1_161' title='bbox 478 3988 510 4039; x_wconf 92' lang='lat' dir='ltr'>et</span> <span class='ocrx_word' id='word_1_162' title='bbox 519 3990 649 4041; x_wconf 87' lang='lat' dir='ltr'>auctore</span> <span class='ocrx_word' id='word_1_163' title='bbox 660 3977 800 4042; x_wconf 87' lang='lat' dir='ltr'>Domino</span> <span class='ocrx_word' id='word_1_164' title='bbox 810 3978 842 4040; x_wconf 93' lang='lat' dir='ltr'>in</span> <span class='ocrx_word' id='word_1_165' title='bbox 854 4000 952 4064; x_wconf 86' lang='lat' dir='ltr'>regno</span> <span class='ocrx_word' id='word_1_166' title='bbox 964 3974 1142 4063; x_wconf 88' lang='lat' dir='ltr'>Anglorum</span> <span class='ocrx_word' id='word_1_167' title='bbox 1152 3975 1307 4041; x_wconf 87' lang='lat' dir='ltr'>faciamus</span> 
     </span>
     <span class='ocr_line' id='line_1_27' title="bbox 351 4076 761 4148; baseline 0.015 -8"><span class='ocrx_word' id='word_1_168' title='bbox 351 4076 576 4144; x_wconf 88' lang='lat' dir='ltr'>inviolabiliter</span> <span class='ocrx_word' id='word_1_169' title='bbox 589 4080 761 4148; x_wconf 87' lang='lat' dir='ltr'>observari.</span> 
     </span>
    </p>
   </div>
   <div class='ocr_carea' id='block_1_5' title="bbox 411 4274 1247 4441">
    <p class='ocr_par' dir='ltr' id='par_1_5' title="bbox 411 4274 1247 4441">
     <span class='ocr_line' id='line_1_28' title="bbox 411 4274 1247 4387; baseline -0.001 -50"><span class='ocrx_word' id='word_1_170' title='bbox 411 4274 648 4340; x_wconf 78' lang='lat' dir='ltr'>EPISTOLA</span> <span class='ocrx_word' id='word_1_171' title='bbox 673 4274 895 4387; x_wconf 64' lang='lat' dir='ltr'>XLVI.7-sp</span> <span class='ocrx_word' id='word_1_172' title='bbox 911 4295 1081 4340; x_wconf 71' lang='lat' dir='ltr'>arcaniora</span> <span class='ocrx_word' id='word_1_173' title='bbox 1096 4294 1247 4339; x_wconf 84' lang='lat' dir='ltr'>crcasra.</span> 
     </span>
     <span class='ocr_line' id='line_1_29' title="bbox 735 4396 931 4441; baseline 0.005 -2"><span class='ocrx_word' id='word_1_174' title='bbox 735 4396 931 4441; x_wconf 77' lang='lat' dir='ltr'>mascaron.</span> 
     </span>
    </p>
   </div>
   <div class='ocr_carea' id='block_1_6' title="bbox 399 4518 1308 4719">
    <p class='ocr_par' dir='ltr' id='par_1_6' title="bbox 399 4518 1308 4719">
     <span class='ocr_line' id='line_1_30' title="bbox 584 4518 1077 4602; baseline 0.004 -22"><span class='ocrx_word' id='word_1_175' title='bbox 584 4518 714 4581; x_wconf 77' lang='lat' dir='ltr'>Hilario</span> <span class='ocrx_word' id='word_1_176' title='bbox 728 4520 887 4602; x_wconf 77' lang='lat' dir='ltr'>Episcopo</span> <span class='ocrx_word' id='word_1_177' title='bbox 904 4522 1077 4584; x_wconf 81' lang='lat' dir='ltr'>Ciceatraa.</span> 
     </span>
     <span class='ocr_line' id='line_1_31' title="bbox 399 4633 1308 4719; baseline 0.007 -24"><span class='ocrx_word' id='word_1_178' title='bbox 399 4634 496 4699; x_wconf 73' lang='lat' dir='ltr'>Sara</span> <span class='ocrx_word' id='word_1_179' title='bbox 511 4633 653 4719; x_wconf 90' lang='lat' dir='ltr'>quidem,</span> <span class='ocrx_word' id='word_1_180' title='bbox 667 4633 871 4701; x_wconf 82' lang='lat' dir='ltr'>dilectissime</span> <span class='ocrx_word' id='word_1_181' title='bbox 885 4635 996 4711; x_wconf 86' lang='lat' dir='ltr'>frater,</span> <span class='ocrx_word' id='word_1_182' title='bbox 1011 4635 1229 4703; x_wconf 82' lang='lat' dir='ltr'>accusavimus</span> <span class='ocrx_word' id='word_1_183' title='bbox 1243 4660 1308 4703; x_wconf 78' lang='lat' dir='ltr'>mo</span> 
     </span>
    </p>
   </div>
   <div class='ocr_carea' id='block_1_7' title="bbox 346 4732 1369 4925">
    <p class='ocr_par' dir='ltr' id='par_1_7' title="bbox 346 4732 1369 4925">
     <span class='ocr_line' id='line_1_32' title="bbox 355 4732 1369 4823; baseline 0.008 -27"><span class='ocrx_word' id='word_1_184' title='bbox 355 4756 422 4799; x_wconf 87' lang='lat' dir='ltr'>ram</span> <span class='ocrx_word' id='word_1_185' title='bbox 447 4732 561 4799; x_wconf 87' lang='lat' dir='ltr'>silentii</span> <span class='ocrx_word' id='word_1_186' title='bbox 585 4736 693 4812; x_wconf 88' lang='lat' dir='ltr'>vestri,</span> <span class='ocrx_word' id='word_1_187' title='bbox 716 4751 748 4800; x_wconf 85' lang='lat' dir='ltr'>et</span> <span class='ocrx_word' id='word_1_188' title='bbox 773 4737 1021 4823; x_wconf 75' lang='lat' dir='ltr'>conjiciebamus</span> <span class='ocrx_word' id='word_1_189' title='bbox 1046 4737 1087 4801; x_wconf 90' lang='lat' dir='ltr'>ab</span> <span class='ocrx_word' id='word_1_190' title='bbox 1108 4761 1147 4802; x_wconf 89' lang='lat' dir='ltr'>eo</span> <span class='ocrx_word' id='word_1_191' title='bbox 1168 4739 1308 4806; x_wconf 88' lang='lat' dir='ltr'>caritatis</span> <span class='ocrx_word' id='word_1_192' title='bbox 1367 4788 1369 4792; x_wconf 85' lang='lat'><em>-</em></span> 
     </span>
     <span class='ocr_line' id='line_1_33' title="bbox 346 4838 1309 4925; baseline 0.007 -25"><span class='ocrx_word' id='word_1_193' title='bbox 346 4838 497 4922; x_wconf 51' lang='lat' dir='ltr'>¹tepuisse</span> <span class='ocrx_word' id='word_1_194' title='bbox 518 4838 686 4914; x_wconf 83' lang='lat' dir='ltr'>fervorem,</span> <span class='ocrx_word' id='word_1_195' title='bbox 702 4862 740 4903; x_wconf 87' lang='lat' dir='ltr'>eo</span> <span class='ocrx_word' id='word_1_196' title='bbox 761 4839 849 4925; x_wconf 91' lang='lat' dir='ltr'>quod</span> <span class='ocrx_word' id='word_1_197' title='bbox 873 4839 1075 4904; x_wconf 83' lang='lat' dir='ltr'>taciturnitas</span> <span class='ocrx_word' id='word_1_198' title='bbox 1089 4862 1152 4904; x_wconf 90' lang='lat' dir='ltr'>non</span> <span class='ocrx_word' id='word_1_199' title='bbox 1174 4842 1309 4907; x_wconf 83' lang='lat' dir='ltr'>amantis</span> 
     </span>
    </p>
   </div>
   <div class='ocr_carea' id='block_1_8' title="bbox 0 0 1674 6434">
    <p class='ocr_par' dir='ltr' id='par_1_8' title="bbox 0 0 1674 6434">
     <span class='ocr_line' id='line_1_34' title="bbox 0 0 1674 6434; baseline 0 0"><span class='ocrx_word' id='word_1_200' title='bbox 0 0 1674 6434; x_wconf 95' lang='lat' dir='ltr'> </span> 
     </span>
    </p>
   </div>
  </div>
 </body>
</html>
