<?xml version="1.0" encoding="UTF-8"?>
<!DOCTYPE html PUBLIC "-//W3C//DTD XHTML 1.0 Transitional//EN"
    "http://www.w3.org/TR/xhtml1/DTD/xhtml1-transitional.dtd">
<html xmlns="http://www.w3.org/1999/xhtml" xml:lang="en" lang="en">
 <head>
  <title>
</title>
<meta http-equiv="Content-Type" content="text/html;charset=utf-8" />
  <meta name='ocr-system' content='tesseract 3.04.00' />
  <meta name='ocr-capabilities' content='ocr_page ocr_carea ocr_par ocr_line ocrx_word'/>
</head>
<body>
  <div class='ocr_page' id='page_1' title='image "./joannissaresber14johngoog_0188.png"; bbox 0 0 3300 6434; ppageno 0'>
   <div class='ocr_carea' id='block_1_1' title="bbox 417 1173 1365 1253">
    <p class='ocr_par' dir='ltr' id='par_1_1' title="bbox 417 1173 1365 1253">
     <span class='ocr_line' id='line_1_1' title="bbox 417 1173 1365 1253; baseline -0.004 -14"><span class='ocrx_word' id='word_1_1' title='bbox 417 1180 477 1239; x_wconf 81' lang='lat' dir='ltr'><strong>les</strong></span> <span class='ocrx_word' id='word_1_2' title='bbox 667 1192 805 1238; x_wconf 79' lang='lat' dir='ltr'><strong>scaurus</strong></span> <span class='ocrx_word' id='word_1_3' title='bbox 820 1190 1100 1236; x_wconf 77' lang='lat' dir='ltr'><strong>saarssaarausrs</strong></span> <span class='ocrx_word' id='word_1_4' title='bbox 1270 1173 1316 1253; x_wconf 80' lang='lat' dir='ltr'><strong>[a.</strong></span> <span class='ocrx_word' id='word_1_5' title='bbox 1332 1191 1365 1237; x_wconf 88' lang='lat' dir='ltr'><strong>n.</strong></span> 
     </span>
    </p>
   </div>
   <div class='ocr_carea' id='block_1_2' title="bbox 412 1340 1365 2037">
    <p class='ocr_par' dir='ltr' id='par_1_2' title="bbox 412 1340 1365 2037">
     <span class='ocr_line' id='line_1_2' title="bbox 414 1340 1365 1430; baseline -0.001 -22"><span class='ocrx_word' id='word_1_6' title='bbox 414 1365 492 1408; x_wconf 90' lang='lat' dir='ltr'><strong>num</strong></span> <span class='ocrx_word' id='word_1_7' title='bbox 520 1344 804 1430; x_wconf 82' lang='lat' dir='ltr'><strong>peremptoriarum</strong></span> <span class='ocrx_word' id='word_1_8' title='bbox 831 1341 1032 1429; x_wconf 79' lang='lat' dir='ltr'><strong>apparuisse:</strong></span> <span class='ocrx_word' id='word_1_9' title='bbox 1064 1355 1096 1407; x_wconf 90' lang='lat' dir='ltr'><strong>et</strong></span> <span class='ocrx_word' id='word_1_10' title='bbox 1126 1340 1250 1428; x_wconf 88' lang='lat' dir='ltr'><strong>adjecit,</strong></span> <span class='ocrx_word' id='word_1_11' title='bbox 1277 1341 1365 1427; x_wconf 92' lang='lat' dir='ltr'><strong>qaod</strong></span> 
     </span>
     <span class='ocr_line' id='line_1_3' title="bbox 414 1442 1363 1531; baseline -0.001 -23"><span class='ocrx_word' id='word_1_12' title='bbox 414 1445 480 1508; x_wconf 87' lang='lat' dir='ltr'><strong>sine</strong></span> <span class='ocrx_word' id='word_1_13' title='bbox 496 1444 701 1530; x_wconf 80' lang='lat' dir='ltr'><strong>Wigornensi</strong></span> <span class='ocrx_word' id='word_1_14' title='bbox 715 1446 876 1531; x_wconf 89' lang='lat' dir='ltr'><strong>episcopo,</strong></span> <span class='ocrx_word' id='word_1_15' title='bbox 891 1443 942 1507; x_wconf 86' lang='lat' dir='ltr'><strong>cui</strong></span> <span class='ocrx_word' id='word_1_16' title='bbox 958 1442 1163 1529; x_wconf 86' lang='lat' dir='ltr'><strong>condelegata</strong></span> <span class='ocrx_word' id='word_1_17' title='bbox 1176 1457 1244 1507; x_wconf 89' lang='lat' dir='ltr'><strong>erat</strong></span> <span class='ocrx_word' id='word_1_18' title='bbox 1259 1466 1363 1507; x_wconf 78' lang='lat' dir='ltr'><strong>causae</strong></span> 
     </span>
     <span class='ocr_line' id='line_1_4' title="bbox 412 1542 1364 1631; baseline -0.002 -22"><span class='ocrx_word' id='word_1_19' title='bbox 412 1545 563 1630; x_wconf 79' lang='lat' dir='ltr'>cognitio,</span> <span class='ocrx_word' id='word_1_20' title='bbox 577 1558 607 1610; x_wconf 87' lang='lat' dir='ltr'><strong>et</strong></span> <span class='ocrx_word' id='word_1_21' title='bbox 631 1568 695 1610; x_wconf 91' lang='lat' dir='ltr'><strong>non</strong></span> <span class='ocrx_word' id='word_1_22' title='bbox 715 1547 902 1631; x_wconf 86' lang='lat' dir='ltr'><strong>apparebat,</strong></span> <span class='ocrx_word' id='word_1_23' title='bbox 922 1543 975 1607; x_wconf 89' lang='lat' dir='ltr'><strong>die</strong></span> <span class='ocrx_word' id='word_1_24' title='bbox 994 1544 1140 1609; x_wconf 88' lang='lat' dir='ltr'><strong>condicto</strong></span> <span class='ocrx_word' id='word_1_25' title='bbox 1159 1542 1238 1608; x_wconf 87' lang='lat' dir='ltr'><strong>nihil</strong></span> <span class='ocrx_word' id='word_1_26' title='bbox 1258 1545 1364 1608; x_wconf 87' lang='lat' dir='ltr'><strong>decer·</strong></span> 
     </span>
     <span class='ocr_line' id='line_1_5' title="bbox 412 1644 1361 1734; baseline -0.002 -23"><span class='ocrx_word' id='word_1_27' title='bbox 412 1670 486 1711; x_wconf 87' lang='lat' dir='ltr'><strong>nere</strong></span> <span class='ocrx_word' id='word_1_28' title='bbox 501 1659 639 1734; x_wconf 91' lang='lat' dir='ltr'><strong>poterat,</strong></span> <span class='ocrx_word' id='word_1_29' title='bbox 654 1646 704 1709; x_wconf 86' lang='lat' dir='ltr'><strong>vel</strong></span> <span class='ocrx_word' id='word_1_30' title='bbox 719 1645 866 1710; x_wconf 85' lang='lat' dir='ltr'><strong>debebat.</strong></span> <span class='ocrx_word' id='word_1_31' title='bbox 911 1647 961 1711; x_wconf 89' lang='lat' dir='ltr'><strong>Sit</strong></span> <span class='ocrx_word' id='word_1_32' title='bbox 983 1644 1093 1732; x_wconf 88' lang='lat' dir='ltr'><strong>itaque</strong></span> <span class='ocrx_word' id='word_1_33' title='bbox 1109 1658 1224 1710; x_wconf 84' lang='lat' dir='ltr'><strong>restrae</strong></span> <span class='ocrx_word' id='word_1_34' title='bbox 1245 1646 1361 1711; x_wconf 91' lang='lat' dir='ltr'><strong>discre-</strong></span> 
     </span>
     <span class='ocr_line' id='line_1_6' title="bbox 413 1746 1364 1833; baseline -0.002 -20"><span class='ocrx_word' id='word_1_35' title='bbox 413 1747 507 1813; x_wconf 85' lang='lat' dir='ltr'><strong>tionis</strong></span> <span class='ocrx_word' id='word_1_36' title='bbox 518 1748 549 1811; x_wconf 92' lang='lat' dir='ltr'><strong>in</strong></span> <span class='ocrx_word' id='word_1_37' title='bbox 561 1747 661 1823; x_wconf 89' lang='lat' dir='ltr'><strong>brevi,</strong></span> <span class='ocrx_word' id='word_1_38' title='bbox 673 1752 699 1812; x_wconf 88' lang='lat' dir='ltr'><strong>si</strong></span> <span class='ocrx_word' id='word_1_39' title='bbox 712 1746 829 1833; x_wconf 90' lang='lat' dir='ltr'><strong>placet,</strong></span> <span class='ocrx_word' id='word_1_40' title='bbox 840 1747 1002 1832; x_wconf 77' lang='lat' dir='ltr'><strong>saepedicti</strong></span> <span class='ocrx_word' id='word_1_41' title='bbox 1013 1748 1227 1813; x_wconf 82' lang='lat' dir='ltr'><strong>archidiaconi</strong></span> <span class='ocrx_word' id='word_1_42' title='bbox 1239 1748 1364 1812; x_wconf 89' lang='lat' dir='ltr'><strong>subter·</strong></span> 
     </span>
     <span class='ocr_line' id='line_1_7' title="bbox 412 1847 1365 1934; baseline 0.001 -22"><span class='ocrx_word' id='word_1_43' title='bbox 412 1849 521 1934; x_wconf 77' lang='lat' dir='ltr'><strong>fugiis,</strong></span> <span class='ocrx_word' id='word_1_44' title='bbox 545 1849 577 1913; x_wconf 90' lang='lat' dir='ltr'><strong>in</strong></span> <span class='ocrx_word' id='word_1_45' title='bbox 603 1847 722 1933; x_wconf 89' lang='lat' dir='ltr'><strong>quibus</strong></span> <span class='ocrx_word' id='word_1_46' title='bbox 751 1848 894 1928; x_wconf 84' lang='lat' dir='ltr'><strong>confidit,</strong></span> <span class='ocrx_word' id='word_1_47' title='bbox 916 1848 1056 1926; x_wconf 85' lang='lat' dir='ltr'><strong>obviare,</strong></span> <span class='ocrx_word' id='word_1_48' title='bbox 1083 1863 1115 1914; x_wconf 91' lang='lat' dir='ltr'><strong>et</strong></span> <span class='ocrx_word' id='word_1_49' title='bbox 1147 1848 1365 1916; x_wconf 85' lang='lat' dir='ltr'><strong>vexationibus</strong></span> 
     </span>
     <span class='ocr_line' id='line_1_8' title="bbox 412 1948 1270 2037; baseline 0.002 -22"><span class='ocrx_word' id='word_1_50' title='bbox 412 1950 533 2016; x_wconf 85' lang='lat' dir='ltr'><strong>tamdiu</strong></span> <span class='ocrx_word' id='word_1_51' title='bbox 548 1948 656 2016; x_wconf 86' lang='lat' dir='ltr'><strong>afflicti</strong></span> <span class='ocrx_word' id='word_1_52' title='bbox 670 1953 823 2037; x_wconf 84' lang='lat' dir='ltr'><strong>episcopi,</strong></span> <span class='ocrx_word' id='word_1_53' title='bbox 838 1950 925 2037; x_wconf 86' lang='lat' dir='ltr'><strong>pacis</strong></span> <span class='ocrx_word' id='word_1_54' title='bbox 939 1950 1078 2015; x_wconf 90' lang='lat' dir='ltr'><strong>remedio</strong></span> <span class='ocrx_word' id='word_1_55' title='bbox 1092 1952 1270 2017; x_wconf 83' lang='lat' dir='ltr'><strong>subvenire.</strong></span> 
     </span>
    </p>
   </div>
   <div class='ocr_carea' id='block_1_3' title="bbox 465 2191 1306 2405">
    <p class='ocr_par' dir='ltr' id='par_1_3' title="bbox 465 2191 1306 2405">
     <span class='ocr_line' id='line_1_9' title="bbox 465 2191 1306 2257; baseline 0.001 -4"><span class='ocrx_word' id='word_1_56' title='bbox 465 2192 692 2255; x_wconf 83' lang='lat' dir='ltr'><strong>EPISTOLA</strong></span> <span class='ocrx_word' id='word_1_57' title='bbox 716 2191 926 2256; x_wconf 74' lang='lat' dir='ltr'><strong>CXIX—an</strong></span> <span class='ocrx_word' id='word_1_58' title='bbox 941 2211 1170 2257; x_wconf 73' lang='lat' dir='ltr'><strong>annnnnnnu</strong></span> <span class='ocrx_word' id='word_1_59' title='bbox 1187 2211 1306 2255; x_wconf 75' lang='lat' dir='ltr'><strong>aaran.</strong></span> 
     </span>
     <span class='ocr_line' id='line_1_10' title="bbox 654 2324 1118 2405; baseline 0.002 -19"><span class='ocrx_word' id='word_1_60' title='bbox 654 2325 791 2386; x_wconf 80' lang='lat' dir='ltr'><strong>Domino</strong></span> <span class='ocrx_word' id='word_1_61' title='bbox 806 2324 913 2405; x_wconf 83' lang='lat' dir='ltr'><strong>Papoe</strong></span> <span class='ocrx_word' id='word_1_62' title='bbox 927 2326 1118 2388; x_wconf 71' lang='lat' dir='ltr'><strong>Almanam.</strong></span> 
     </span>
    </p>
   </div>
   <div class='ocr_carea' id='block_1_4' title="bbox 408 2454 1364 2944">
    <p class='ocr_par' dir='ltr' id='par_1_4' title="bbox 408 2454 1364 2944">
     <span class='ocr_line' id='line_1_11' title="bbox 453 2454 1364 2540; baseline 0.001 -22"><span class='ocrx_word' id='word_1_63' title='bbox 453 2459 630 2518; x_wconf 80' lang='lat' dir='ltr'><strong>Anvnttsus</strong></span> <span class='ocrx_word' id='word_1_64' title='bbox 656 2454 829 2517; x_wconf 88' lang='lat' dir='ltr'><strong>Osbertum</strong></span> <span class='ocrx_word' id='word_1_65' title='bbox 857 2455 1077 2540; x_wconf 90' lang='lat' dir='ltr'><strong>presbyterum</strong></span> <span class='ocrx_word' id='word_1_66' title='bbox 1108 2478 1204 2540; x_wconf 88' lang='lat' dir='ltr'><strong>super</strong></span> <span class='ocrx_word' id='word_1_67' title='bbox 1233 2457 1364 2520; x_wconf 85' lang='lat' dir='ltr'><strong>ecclesie</strong></span> 
     </span>
     <span class='ocr_line' id='line_1_12' title="bbox 408 2553 1364 2639; baseline 0.002 -20"><span class='ocrx_word' id='word_1_68' title='bbox 408 2554 448 2619; x_wconf 89' lang='lat' dir='ltr'><strong>de</strong></span> <span class='ocrx_word' id='word_1_69' title='bbox 463 2554 681 2629; x_wconf 88' lang='lat' dir='ltr'><strong>Trichestana,</strong></span> <span class='ocrx_word' id='word_1_70' title='bbox 696 2556 720 2616; x_wconf 83' lang='lat' dir='ltr'>J</span> <span class='ocrx_word' id='word_1_71' title='bbox 721 2553 861 2618; x_wconf 87' lang='lat' dir='ltr'><strong>ordanns</strong></span> <span class='ocrx_word' id='word_1_72' title='bbox 877 2554 963 2639; x_wconf 90' lang='lat' dir='ltr'><strong>prior</strong></span> <span class='ocrx_word' id='word_1_73' title='bbox 977 2556 1122 2619; x_wconf 82' lang='lat' dir='ltr'><strong>Acreusis</strong></span> <span class='ocrx_word' id='word_1_74' title='bbox 1136 2556 1275 2621; x_wconf 88' lang='lat' dir='ltr'><strong>institnit</strong></span> <span class='ocrx_word' id='word_1_75' title='bbox 1290 2580 1364 2621; x_wconf 91' lang='lat' dir='ltr'><strong>con·</strong></span> 
     </span>
     <span class='ocr_line' id='line_1_13' title="bbox 408 2653 1359 2743; baseline -0.001 -21"><span class='ocrx_word' id='word_1_76' title='bbox 408 2658 603 2733; x_wconf 88' lang='lat' dir='ltr'><strong>troversiam,</strong></span> <span class='ocrx_word' id='word_1_77' title='bbox 619 2653 726 2719; x_wconf 85' lang='lat' dir='ltr'><strong>dicens</strong></span> <span class='ocrx_word' id='word_1_78' title='bbox 740 2677 812 2718; x_wconf 91' lang='lat' dir='ltr'><strong>eum</strong></span> <span class='ocrx_word' id='word_1_79' title='bbox 830 2655 996 2741; x_wconf 84' lang='lat' dir='ltr'><strong>praeiatam</strong></span> <span class='ocrx_word' id='word_1_80' title='bbox 1013 2655 1173 2721; x_wconf 85' lang='lat' dir='ltr'><strong>ecclesiam</strong></span> <span class='ocrx_word' id='word_1_81' title='bbox 1190 2659 1359 2743; x_wconf 86' lang='lat' dir='ltr'><strong>possidere,</strong></span> 
     </span>
     <span class='ocr_line' id='line_1_14' title="bbox 409 2755 1361 2845; baseline 0 -23"><span class='ocrx_word' id='word_1_82' title='bbox 409 2780 505 2845; x_wconf 91' lang='lat' dir='ltr'><strong>quam</strong></span> <span class='ocrx_word' id='word_1_83' title='bbox 528 2756 595 2821; x_wconf 89' lang='lat' dir='ltr'><strong>sine</strong></span> <span class='ocrx_word' id='word_1_84' title='bbox 613 2755 729 2843; x_wconf 87' lang='lat' dir='ltr'><strong>prioris</strong></span> <span class='ocrx_word' id='word_1_85' title='bbox 751 2778 892 2838; x_wconf 86' lang='lat' dir='ltr'><strong>assensu,</strong></span> <span class='ocrx_word' id='word_1_86' title='bbox 906 2769 938 2820; x_wconf 91' lang='lat' dir='ltr'><strong>et</strong></span> <span class='ocrx_word' id='word_1_87' title='bbox 960 2756 1090 2822; x_wconf 86' lang='lat' dir='ltr'><strong>alterius</strong></span> <span class='ocrx_word' id='word_1_88' title='bbox 1109 2758 1266 2836; x_wconf 82' lang='lat' dir='ltr'><strong>advocati,</strong></span> <span class='ocrx_word' id='word_1_89' title='bbox 1282 2758 1361 2823; x_wconf 84' lang='lat' dir='ltr'><strong>citra</strong></span> 
     </span>
     <span class='ocr_line' id='line_1_15' title="bbox 409 2857 1362 2944; baseline 0 -20"><span class='ocrx_word' id='word_1_90' title='bbox 409 2858 578 2924; x_wconf 88' lang='lat' dir='ltr'><strong>solemnem</strong></span> <span class='ocrx_word' id='word_1_91' title='bbox 593 2858 737 2922; x_wconf 89' lang='lat' dir='ltr'><strong>ordinem</strong></span> <span class='ocrx_word' id='word_1_92' title='bbox 753 2858 848 2944; x_wconf 87' lang='lat' dir='ltr'><strong>juris,</strong></span> <span class='ocrx_word' id='word_1_93' title='bbox 863 2871 896 2923; x_wconf 89' lang='lat' dir='ltr'><strong>et</strong></span> <span class='ocrx_word' id='word_1_94' title='bbox 919 2857 1008 2943; x_wconf 89' lang='lat' dir='ltr'><strong>regni</strong></span> <span class='ocrx_word' id='word_1_95' title='bbox 1030 2860 1301 2939; x_wconf 87' lang='lat' dir='ltr'><strong>consuetudinem,</strong></span> <span class='ocrx_word' id='word_1_96' title='bbox 1316 2861 1362 2924; x_wconf 90' lang='lat' dir='ltr'><strong>iu·</strong></span> 
     </span>
    </p>
   </div>
   <div class='ocr_carea' id='block_1_5' title="bbox 406 2958 1471 3252">
    <p class='ocr_par' dir='ltr' id='par_1_5' title="bbox 406 2958 1471 3252">
     <span class='ocr_line' id='line_1_16' title="bbox 407 2958 1361 3044; baseline 0.003 -22"><span class='ocrx_word' id='word_1_97' title='bbox 407 2960 493 3039; x_wconf 83' lang='lat' dir='ltr'><strong>vitis,</strong></span> <span class='ocrx_word' id='word_1_98' title='bbox 516 2972 549 3023; x_wconf 91' lang='lat' dir='ltr'><strong>et</strong></span> <span class='ocrx_word' id='word_1_99' title='bbox 572 2958 818 3023; x_wconf 85' lang='lat' dir='ltr'><strong>reclamantibus</strong></span> <span class='ocrx_word' id='word_1_100' title='bbox 841 2958 1040 3044; x_wconf 86' lang='lat' dir='ltr'><strong>parochianis</strong></span> <span class='ocrx_word' id='word_1_101' title='bbox 1063 2962 1223 3044; x_wconf 76' lang='lat' dir='ltr'><strong>ingressus</strong></span> <span class='ocrx_word' id='word_1_102' title='bbox 1246 2960 1361 3025; x_wconf 86' lang='lat' dir='ltr'><strong>fuerat.</strong></span> 
     </span>
     <span class='ocr_line' id='line_1_17' title="bbox 407 3060 1360 3126; baseline 0 0"><span class='ocrx_word' id='word_1_103' title='bbox 407 3060 457 3126; x_wconf 89' lang='lat' dir='ltr'><strong>Ad</strong></span> <span class='ocrx_word' id='word_1_104' title='bbox 475 3061 543 3126; x_wconf 84' lang='lat' dir='ltr'><strong>haec</strong></span> <span class='ocrx_word' id='word_1_105' title='bbox 565 3060 722 3124; x_wconf 88' lang='lat' dir='ltr'><strong>Osbertus</strong></span> <span class='ocrx_word' id='word_1_106' title='bbox 737 3084 771 3126; x_wconf 90' lang='lat' dir='ltr'><strong>se</strong></span> <span class='ocrx_word' id='word_1_107' title='bbox 793 3061 827 3124; x_wconf 90' lang='lat' dir='ltr'><strong>in</strong></span> <span class='ocrx_word' id='word_1_108' title='bbox 842 3060 973 3124; x_wconf 90' lang='lat' dir='ltr'><strong>eandem</strong></span> <span class='ocrx_word' id='word_1_109' title='bbox 992 3061 1153 3126; x_wconf 87' lang='lat' dir='ltr'><strong>ecclesiam</strong></span> <span class='ocrx_word' id='word_1_110' title='bbox 1176 3063 1360 3126; x_wconf 88' lang='lat' dir='ltr'><strong>canonicum</strong></span> 
     </span>
     <span class='ocr_line' id='line_1_18' title="bbox 406 3160 1471 3252; baseline -0.001 -25"><span class='ocrx_word' id='word_1_111' title='bbox 406 3167 580 3247; x_wconf 79' lang='lat' dir='ltr'><strong>ingressum</strong></span> <span class='ocrx_word' id='word_1_112' title='bbox 595 3160 743 3225; x_wconf 88' lang='lat' dir='ltr'><strong>habuisse</strong></span> <span class='ocrx_word' id='word_1_113' title='bbox 755 3160 930 3246; x_wconf 83' lang='lat' dir='ltr'><strong>respondit,</strong></span> <span class='ocrx_word' id='word_1_114' title='bbox 941 3161 1096 3226; x_wconf 84' lang='lat' dir='ltr'><strong>advocato</strong></span> <span class='ocrx_word' id='word_1_115' title='bbox 1104 3162 1218 3227; x_wconf 89' lang='lat' dir='ltr'><strong>comite</strong></span> <span class='ocrx_word' id='word_1_116' title='bbox 1229 3164 1361 3228; x_wconf 88' lang='lat' dir='ltr'><strong>Waren.</strong></span> <span class='ocrx_word' id='word_1_117' title='bbox 1458 3241 1471 3252; x_wconf 48' lang='lat'><strong>·</strong></span> 
     </span>
    </p>
   </div>
   <div class='ocr_carea' id='block_1_6' title="bbox 405 3260 1362 4664">
    <p class='ocr_par' dir='ltr' id='par_1_6' title="bbox 405 3260 1362 4664">
     <span class='ocr_line' id='line_1_19' title="bbox 407 3260 1359 3350; baseline -0.003 -21"><span class='ocrx_word' id='word_1_118' title='bbox 407 3265 512 3350; x_wconf 90' lang='lat' dir='ltr'><strong>ipsum</strong></span> <span class='ocrx_word' id='word_1_119' title='bbox 541 3274 764 3350; x_wconf 71' lang='lat' dir='ltr'><strong>praesentante,</strong></span> <span class='ocrx_word' id='word_1_120' title='bbox 787 3276 820 3326; x_wconf 91' lang='lat' dir='ltr'><strong>et</strong></span> <span class='ocrx_word' id='word_1_121' title='bbox 847 3260 1005 3326; x_wconf 83' lang='lat' dir='ltr'><strong>erielnao</strong></span> <span class='ocrx_word' id='word_1_122' title='bbox 1029 3262 1251 3327; x_wconf 87' lang='lat' dir='ltr'><strong>archidiacono</strong></span> <span class='ocrx_word' id='word_1_123' title='bbox 1277 3264 1359 3327; x_wconf 90' lang='lat' dir='ltr'><strong>Nor-</strong></span> 
     </span>
     <span class='ocr_line' id='line_1_20' title="bbox 407 3363 1359 3432; baseline 0.002 -4"><span class='ocrx_word' id='word_1_124' title='bbox 407 3367 531 3432; x_wconf 75' lang='lat' dir='ltr'><strong>nicensi</strong></span> <span class='ocrx_word' id='word_1_125' title='bbox 565 3366 631 3429; x_wconf 85' lang='lat' dir='ltr'><strong>vice</strong></span> <span class='ocrx_word' id='word_1_126' title='bbox 660 3363 801 3429; x_wconf 87' lang='lat' dir='ltr'><strong>Ebrardi</strong></span> <span class='ocrx_word' id='word_1_127' title='bbox 834 3365 927 3430; x_wconf 61' lang='lat' dir='ltr'><strong>Mnae</strong></span> <span class='ocrx_word' id='word_1_128' title='bbox 960 3366 1121 3432; x_wconf 70' lang='lat' dir='ltr'><strong>memoriae</strong></span> <span class='ocrx_word' id='word_1_129' title='bbox 1152 3366 1359 3430; x_wconf 87' lang='lat' dir='ltr'><strong>Norwicensis</strong></span> 
     </span>
     <span class='ocr_line' id='line_1_21' title="bbox 406 3467 1361 3556; baseline -0.003 -23"><span class='ocrx_word' id='word_1_130' title='bbox 406 3468 559 3556; x_wconf 85' lang='lat' dir='ltr'><strong>episcopi,</strong></span> <span class='ocrx_word' id='word_1_131' title='bbox 574 3467 807 3545; x_wconf 82' lang='lat' dir='ltr'><strong>introducente,</strong></span> <span class='ocrx_word' id='word_1_132' title='bbox 822 3480 854 3531; x_wconf 91' lang='lat' dir='ltr'><strong>et</strong></span> <span class='ocrx_word' id='word_1_133' title='bbox 872 3467 901 3530; x_wconf 91' lang='lat' dir='ltr'><strong>ei</strong></span> <span class='ocrx_word' id='word_1_134' title='bbox 916 3489 990 3531; x_wconf 87' lang='lat' dir='ltr'><strong>eum</strong></span> <span class='ocrx_word' id='word_1_135' title='bbox 1010 3467 1095 3531; x_wconf 91' lang='lat' dir='ltr'><strong>omni</strong></span> <span class='ocrx_word' id='word_1_136' title='bbox 1110 3468 1185 3553; x_wconf 85' lang='lat' dir='ltr'><strong>jure</strong></span> <span class='ocrx_word' id='word_1_137' title='bbox 1204 3490 1263 3530; x_wconf 91' lang='lat' dir='ltr'><strong>suo</strong></span> <span class='ocrx_word' id='word_1_138' title='bbox 1278 3469 1361 3553; x_wconf 88' lang='lat' dir='ltr'><strong>jam-</strong></span> 
     </span>
     <span class='ocr_line' id='line_1_22' title="bbox 407 3567 1361 3655; baseline -0.003 -21"><span class='ocrx_word' id='word_1_139' title='bbox 407 3570 523 3636; x_wconf 88' lang='lat' dir='ltr'><strong>dictam</strong></span> <span class='ocrx_word' id='word_1_140' title='bbox 537 3568 698 3633; x_wconf 90' lang='lat' dir='ltr'><strong>ecclesiam</strong></span> <span class='ocrx_word' id='word_1_141' title='bbox 710 3568 912 3633; x_wconf 89' lang='lat' dir='ltr'><strong>concedente.</strong></span> <span class='ocrx_word' id='word_1_142' title='bbox 942 3567 1068 3655; x_wconf 79' lang='lat' dir='ltr'><strong>Adjecit</strong></span> <span class='ocrx_word' id='word_1_143' title='bbox 1080 3567 1173 3633; x_wconf 89' lang='lat' dir='ltr'><strong>etiam</strong></span> <span class='ocrx_word' id='word_1_144' title='bbox 1186 3568 1244 3631; x_wconf 90' lang='lat' dir='ltr'><strong>hoc</strong></span> <span class='ocrx_word' id='word_1_145' title='bbox 1256 3569 1361 3652; x_wconf 80' lang='lat' dir='ltr'><strong>legiti-</strong></span> 
     </span>
     <span class='ocr_line' id='line_1_23' title="bbox 407 3668 1361 3756; baseline 0.003 -24"><span class='ocrx_word' id='word_1_146' title='bbox 407 3692 530 3732; x_wconf 89' lang='lat' dir='ltr'><strong>morum</strong></span> <span class='ocrx_word' id='word_1_147' title='bbox 561 3674 689 3733; x_wconf 89' lang='lat' dir='ltr'><strong>testium</strong></span> <span class='ocrx_word' id='word_1_148' title='bbox 717 3670 890 3734; x_wconf 81' lang='lat' dir='ltr'><strong>assertione</strong></span> <span class='ocrx_word' id='word_1_149' title='bbox 915 3670 949 3733; x_wconf 94' lang='lat' dir='ltr'><strong>in</strong></span> <span class='ocrx_word' id='word_1_150' title='bbox 975 3668 1145 3756; x_wconf 82' lang='lat' dir='ltr'><strong>praesentia</strong></span> <span class='ocrx_word' id='word_1_151' title='bbox 1173 3670 1361 3735; x_wconf 82' lang='lat' dir='ltr'><strong>venerabilis</strong></span> 
     </span>
     <span class='ocr_line' id='line_1_24' title="bbox 405 3769 1359 3858; baseline 0.002 -25"><span class='ocrx_word' id='word_1_152' title='bbox 405 3770 514 3833; x_wconf 77' lang='lat' dir='ltr'><strong>fratris</strong></span> <span class='ocrx_word' id='word_1_153' title='bbox 536 3770 636 3832; x_wconf 82' lang='lat' dir='ltr'><strong>nostri</strong></span> <span class='ocrx_word' id='word_1_154' title='bbox 661 3769 816 3835; x_wconf 91' lang='lat' dir='ltr'><strong>Willelmi</strong></span> <span class='ocrx_word' id='word_1_155' title='bbox 839 3771 1049 3836; x_wconf 82' lang='lat' dir='ltr'><strong>Norwicensis</strong></span> <span class='ocrx_word' id='word_1_156' title='bbox 1070 3771 1209 3858; x_wconf 88' lang='lat' dir='ltr'><strong>episcopi</strong></span> <span class='ocrx_word' id='word_1_157' title='bbox 1232 3795 1264 3834; x_wconf 89' lang='lat' dir='ltr'><strong>se</strong></span> <span class='ocrx_word' id='word_1_158' title='bbox 1286 3795 1359 3856; x_wconf 90' lang='lat' dir='ltr'><strong>pro·</strong></span> 
     </span>
     <span class='ocr_line' id='line_1_25' title="bbox 405 3868 1360 3954; baseline 0.002 -20"><span class='ocrx_word' id='word_1_159' title='bbox 405 3870 507 3947; x_wconf 87' lang='lat' dir='ltr'><strong>basse,</strong></span> <span class='ocrx_word' id='word_1_160' title='bbox 533 3868 621 3954; x_wconf 92' lang='lat' dir='ltr'><strong>quod</strong></span> <span class='ocrx_word' id='word_1_161' title='bbox 649 3880 681 3932; x_wconf 92' lang='lat' dir='ltr'><strong>et</strong></span> <span class='ocrx_word' id='word_1_162' title='bbox 707 3868 875 3953; x_wconf 86' lang='lat' dir='ltr'><strong>episcopus</strong></span> <span class='ocrx_word' id='word_1_163' title='bbox 905 3870 1073 3935; x_wconf 88' lang='lat' dir='ltr'><strong>destinatis</strong></span> <span class='ocrx_word' id='word_1_164' title='bbox 1097 3871 1138 3935; x_wconf 86' lang='lat' dir='ltr'><strong>ad</strong></span> <span class='ocrx_word' id='word_1_165' title='bbox 1164 3894 1221 3935; x_wconf 89' lang='lat' dir='ltr'><strong>nos</strong></span> <span class='ocrx_word' id='word_1_166' title='bbox 1246 3872 1360 3937; x_wconf 83' lang='lat' dir='ltr'><strong>litteris</strong></span> 
     </span>
     <span class='ocr_line' id='line_1_26' title="bbox 406 3969 1361 4053; baseline -0.002 -15"><span class='ocrx_word' id='word_1_167' title='bbox 406 3971 595 4039; x_wconf 84' lang='lat' dir='ltr'><strong>testabatur.</strong></span> <span class='ocrx_word' id='word_1_168' title='bbox 630 3972 671 4035; x_wconf 90' lang='lat' dir='ltr'><strong>Se</strong></span> <span class='ocrx_word' id='word_1_169' title='bbox 686 3980 791 4032; x_wconf 91' lang='lat' dir='ltr'><strong>tamen</strong></span> <span class='ocrx_word' id='word_1_170' title='bbox 807 3969 936 4033; x_wconf 89' lang='lat' dir='ltr'><strong>minime</strong></span> <span class='ocrx_word' id='word_1_171' title='bbox 950 3971 1126 4053; x_wconf 83' lang='lat' dir='ltr'><strong>cogendum</strong></span> <span class='ocrx_word' id='word_1_172' title='bbox 1142 3995 1209 4036; x_wconf 91' lang='lat' dir='ltr'><strong>esse</strong></span> <span class='ocrx_word' id='word_1_173' title='bbox 1223 3972 1361 4051; x_wconf 88' lang='lat' dir='ltr'><strong>dicebat,</strong></span> 
     </span>
     <span class='ocr_line' id='line_1_27' title="bbox 408 4068 1357 4160; baseline -0.004 -20"><span class='ocrx_word' id='word_1_174' title='bbox 408 4088 445 4140; x_wconf 92' lang='lat' dir='ltr'><strong>ut</strong></span> <span class='ocrx_word' id='word_1_175' title='bbox 466 4069 669 4160; x_wconf 87' lang='lat' dir='ltr'><strong>possessionis</strong></span> <span class='ocrx_word' id='word_1_176' title='bbox 693 4091 759 4133; x_wconf 77' lang='lat' dir='ltr'><strong>susa</strong></span> <span class='ocrx_word' id='word_1_177' title='bbox 782 4068 927 4133; x_wconf 86' lang='lat' dir='ltr'><strong>laudaret</strong></span> <span class='ocrx_word' id='word_1_178' title='bbox 954 4084 1128 4145; x_wconf 87' lang='lat' dir='ltr'><strong>auctorem,</strong></span> <span class='ocrx_word' id='word_1_179' title='bbox 1148 4083 1206 4134; x_wconf 88' lang='lat' dir='ltr'><strong>aut</strong></span> <span class='ocrx_word' id='word_1_180' title='bbox 1228 4071 1357 4136; x_wconf 83' lang='lat' dir='ltr'><strong>titulum</strong></span> 
     </span>
     <span class='ocr_line' id='line_1_28' title="bbox 407 4170 1362 4261; baseline -0.005 -19"><span class='ocrx_word' id='word_1_181' title='bbox 407 4178 536 4250; x_wconf 90' lang='lat' dir='ltr'><strong>diceret,</strong></span> <span class='ocrx_word' id='word_1_182' title='bbox 552 4195 654 4261; x_wconf 90' lang='lat' dir='ltr'><strong>quum</strong></span> <span class='ocrx_word' id='word_1_183' title='bbox 673 4194 758 4250; x_wconf 86' lang='lat' dir='ltr'><strong>reus,</strong></span> <span class='ocrx_word' id='word_1_184' title='bbox 773 4184 805 4236; x_wconf 90' lang='lat' dir='ltr'><strong>et</strong></span> <span class='ocrx_word' id='word_1_185' title='bbox 821 4170 847 4235; x_wconf 91' lang='lat' dir='ltr'><strong>si</strong></span> <span class='ocrx_word' id='word_1_186' title='bbox 861 4170 941 4236; x_wconf 89' lang='lat' dir='ltr'><strong>nibil</strong></span> <span class='ocrx_word' id='word_1_187' title='bbox 961 4184 1103 4257; x_wconf 81' lang='lat' dir='ltr'><strong>praestet,</strong></span> <span class='ocrx_word' id='word_1_188' title='bbox 1116 4171 1271 4248; x_wconf 88' lang='lat' dir='ltr'><strong>obtineat,</strong></span> <span class='ocrx_word' id='word_1_189' title='bbox 1287 4195 1362 4237; x_wconf 89' lang='lat' dir='ltr'><strong>auc-</strong></span> 
     </span>
     <span class='ocr_line' id='line_1_29' title="bbox 407 4271 1361 4361; baseline -0.008 -16"><span class='ocrx_word' id='word_1_190' title='bbox 407 4295 475 4345; x_wconf 88' lang='lat' dir='ltr'><strong>tore</strong></span> <span class='ocrx_word' id='word_1_191' title='bbox 491 4300 552 4341; x_wconf 92' lang='lat' dir='ltr'><strong>non</strong></span> <span class='ocrx_word' id='word_1_192' title='bbox 574 4274 740 4361; x_wconf 86' lang='lat' dir='ltr'><strong>probante,</strong></span> <span class='ocrx_word' id='word_1_193' title='bbox 754 4272 843 4359; x_wconf 89' lang='lat' dir='ltr'><strong>quod</strong></span> <span class='ocrx_word' id='word_1_194' title='bbox 860 4271 1004 4337; x_wconf 88' lang='lat' dir='ltr'><strong>intendit.</strong></span> <span class='ocrx_word' id='word_1_195' title='bbox 1052 4274 1158 4350; x_wconf 87' lang='lat' dir='ltr'><strong>Quum</strong></span> <span class='ocrx_word' id='word_1_196' title='bbox 1175 4295 1251 4357; x_wconf 89' lang='lat' dir='ltr'><strong>ergo</strong></span> <span class='ocrx_word' id='word_1_197' title='bbox 1265 4297 1361 4341; x_wconf 83' lang='lat' dir='ltr'><strong>vene·</strong></span> 
     </span>
     <span class='ocr_line' id='line_1_30' title="bbox 407 4374 1358 4462; baseline -0.004 -17"><span class='ocrx_word' id='word_1_198' title='bbox 407 4380 514 4445; x_wconf 88' lang='lat' dir='ltr'><strong>rabilis</strong></span> <span class='ocrx_word' id='word_1_199' title='bbox 535 4379 634 4442; x_wconf 85' lang='lat' dir='ltr'><strong>frater</strong></span> <span class='ocrx_word' id='word_1_200' title='bbox 656 4387 764 4439; x_wconf 89' lang='lat' dir='ltr'><strong>noster</strong></span> <span class='ocrx_word' id='word_1_201' title='bbox 790 4374 959 4462; x_wconf 89' lang='lat' dir='ltr'><strong>episcopus</strong></span> <span class='ocrx_word' id='word_1_202' title='bbox 984 4374 1188 4440; x_wconf 88' lang='lat' dir='ltr'><strong>Cicestrensis</strong></span> <span class='ocrx_word' id='word_1_203' title='bbox 1213 4376 1358 4453; x_wconf 89' lang='lat' dir='ltr'><strong>instaret,</strong></span> 
     </span>
     <span class='ocr_line' id='line_1_31' title="bbox 407 4475 1358 4567; baseline -0.005 -20"><span class='ocrx_word' id='word_1_204' title='bbox 407 4494 443 4547; x_wconf 91' lang='lat' dir='ltr'><strong>ut</strong></span> <span class='ocrx_word' id='word_1_205' title='bbox 458 4481 556 4567; x_wconf 89' lang='lat' dir='ltr'><strong>prior,</strong></span> <span class='ocrx_word' id='word_1_206' title='bbox 571 4479 597 4542; x_wconf 83' lang='lat' dir='ltr'><strong>ei</strong></span> <span class='ocrx_word' id='word_1_207' title='bbox 619 4477 651 4541; x_wconf 92' lang='lat' dir='ltr'><strong>in</strong></span> <span class='ocrx_word' id='word_1_208' title='bbox 672 4499 767 4541; x_wconf 84' lang='lat' dir='ltr'><strong>causa</strong></span> <span class='ocrx_word' id='word_1_209' title='bbox 787 4475 885 4541; x_wconf 86' lang='lat' dir='ltr'><strong>vellet</strong></span> <span class='ocrx_word' id='word_1_210' title='bbox 905 4477 1086 4563; x_wconf 88' lang='lat' dir='ltr'><strong>procedere,</strong></span> <span class='ocrx_word' id='word_1_211' title='bbox 1101 4500 1189 4541; x_wconf 87' lang='lat' dir='ltr'><strong>suam</strong></span> <span class='ocrx_word' id='word_1_212' title='bbox 1207 4477 1358 4542; x_wconf 84' lang='lat' dir='ltr'><strong>fundaret</strong></span> 
     </span>
     <span class='ocr_line' id='line_1_32' title="bbox 406 4578 1358 4664; baseline -0.004 -17"><span class='ocrx_word' id='word_1_213' title='bbox 406 4582 623 4656; x_wconf 89' lang='lat' dir='ltr'><strong>intentionem,</strong></span> <span class='ocrx_word' id='word_1_214' title='bbox 642 4578 796 4664; x_wconf 83' lang='lat' dir='ltr'><strong>praefatus</strong></span> <span class='ocrx_word' id='word_1_215' title='bbox 818 4578 983 4664; x_wconf 83' lang='lat' dir='ltr'><strong>presbyter</strong></span> <span class='ocrx_word' id='word_1_216' title='bbox 1004 4578 1044 4642; x_wconf 92' lang='lat' dir='ltr'><strong>ad</strong></span> <span class='ocrx_word' id='word_1_217' title='bbox 1068 4592 1203 4643; x_wconf 84' lang='lat' dir='ltr'><strong>vestram</strong></span> <span class='ocrx_word' id='word_1_218' title='bbox 1228 4579 1358 4644; x_wconf 86' lang='lat' dir='ltr'><strong>audien·</strong></span> 
     </span>
    </p>
   </div>
   <div class='ocr_carea' id='block_1_7' title="bbox 407 4680 1357 4849">
    <p class='ocr_par' dir='ltr' id='par_1_7' title="bbox 407 4680 1357 4849">
     <span class='ocr_line' id='line_1_33' title="bbox 407 4680 1357 4768; baseline -0.003 -22"><span class='ocrx_word' id='word_1_219' title='bbox 407 4685 482 4747; x_wconf 86' lang='lat' dir='ltr'><strong>tiam</strong></span> <span class='ocrx_word' id='word_1_220' title='bbox 498 4681 680 4767; x_wconf 82' lang='lat' dir='ltr'><strong>appellavit,</strong></span> <span class='ocrx_word' id='word_1_221' title='bbox 696 4680 779 4744; x_wconf 89' lang='lat' dir='ltr'><strong>diem</strong></span> <span class='ocrx_word' id='word_1_222' title='bbox 798 4680 977 4766; x_wconf 81' lang='lat' dir='ltr'><strong>praefiniens</strong></span> <span class='ocrx_word' id='word_1_223' title='bbox 993 4682 1191 4746; x_wconf 89' lang='lat' dir='ltr'><strong>Dominieam</strong></span> <span class='ocrx_word' id='word_1_224' title='bbox 1209 4705 1272 4768; x_wconf 89' lang='lat' dir='ltr'><strong>qua</strong></span> <span class='ocrx_word' id='word_1_225' title='bbox 1286 4703 1357 4744; x_wconf 87' lang='lat' dir='ltr'><strong>can-</strong></span> 
     </span>
     <span class='ocr_line' id='line_1_34' title="bbox 408 4775 943 4849; baseline 0.002 -9"><span class='ocrx_word' id='word_1_226' title='bbox 408 4777 539 4849; x_wconf 79' lang='lat' dir='ltr'><strong>tabitur,</strong></span> <span class='ocrx_word' id='word_1_227' title='bbox 558 4779 686 4842; x_wconf 74' lang='lat' dir='ltr'><strong>Laetare</strong></span> <span class='ocrx_word' id='word_1_228' title='bbox 700 4775 918 4841; x_wconf 74' lang='lat' dir='ltr'><strong>Hierusalem,</strong></span> <span class='ocrx_word' id='word_1_229' title='bbox 942 4797 943 4800; x_wconf 74' lang='grc'>’</span> 
     </span>
    </p>
   </div>
   <div class='ocr_carea' id='block_1_8' title="bbox 0 0 1654 6434">
    <p class='ocr_par' dir='ltr' id='par_1_8' title="bbox 0 0 1654 6434">
     <span class='ocr_line' id='line_1_35' title="bbox 0 0 1654 6434; baseline 0 0"><span class='ocrx_word' id='word_1_230' title='bbox 0 0 1654 6434; x_wconf 95' lang='lat' dir='ltr'><strong> </strong></span> 
     </span>
    </p>
   </div>
  </div>
 </body>
</html>
