3300 6434
349 1267 526 1347 nst—sn
734 1284 916 1331 nursrosss.
993 1325 995 1330 .

629 1502 851 1567 EPISTOLA
875 1502 1012 1565 XXXV.

390 1639 626 1702 anssnmum
652 1636 855 1699 attestatione
880 1644 990 1698 notum
1013 1635 1149 1699 facimus
1170 1634 1298 1698 univer·

344 1736 430 1802 sitati
457 1746 582 1811 vestrae,
608 1734 849 1810 controversias,
876 1757 950 1819 quae
976 1734 1057 1799 inter
1085 1731 1296 1798 venerabilem

343 1838 474 1902 lrstrem
487 1849 630 1901 nostrum
646 1835 822 1900 Ricardum
835 1835 1088 1902 londoniensem
1100 1836 1296 1923 episcopum,

343 1951 376 2004 et
409 1936 583 2002 Henrieum
620 1936 661 2002 de
700 1936 867 2002 londonia
895 1938 1111 2015 vertebantur,
1140 1934 1297 2002 amicabili

343 2040 572 2126 compositione
600 2038 633 2103 in
662 2039 748 2103 bunc
778 2038 909 2105 modum
931 2062 998 2103 esse
1021 2039 1149 2125 sopitas.
1196 2036 1298 2101 Nobis

344 2141 500 2228 siquidem
510 2139 725 2205 assidentibus
733 2139 811 2205 viris
819 2139 1054 2207 venerabilibus
1064 2140 1209 2206 Roberto
1222 2137 1298 2203 Lin-

343 2242 505 2317 colniensi,
524 2240 690 2306 Willelmo
706 2242 913 2318 Norwicensi,
930 2241 1097 2306 Gileberto
1119 2239 1299 2320 Hereford,

345 2360 379 2409 et
405 2344 529 2408 Hilario
555 2343 744 2410 cicestrensi
769 2342 936 2429 episcopis,
960 2341 1045 2407 idem
1077 2344 1238 2407 Henricus
1265 2342 1298 2406 in

346 2446 452 2511 medio
465 2443 659 2510 contendens
673 2444 832 2519 asserebat
850 2443 1139 2509 archidiaconatum
1156 2442 1299 2511 coleces-

346 2563 494 2624 trensem,
510 2560 542 2612 et
557 2546 703 2611 ecclesias
724 2546 765 2610 de
788 2545 944 2610 Fuleham
961 2558 992 2609 et
1015 2546 1190 2611 Stubeham
1209 2546 1298 2631 juste

346 2650 405 2715 sibi
420 2661 609 2735 competere,
626 2661 659 2713 et
673 2648 779 2735 ipsum
793 2647 979 2733 episcopum
1001 2647 1100 2711 teneri
1122 2646 1297 2711 obnoxium

345 2753 385 2817 sd
407 2774 463 2817 sex
484 2750 581 2816 libras
602 2749 766 2815 annuatim
789 2749 850 2814 sibi
871 2748 1106 2835 persolvendas,
1120 2762 1153 2813 et
1167 2748 1209 2812 ad
1229 2748 1298 2812 haec

344 2852 550 2918 incontinenti
558 2852 864 2938 probandaettestes
873 2849 1300 2937 produere‚etinstrumenta

345 2954 489 3040 prolerre
502 2965 634 3039 paratus
648 2966 728 3037 erat.
773 2952 908 3016 Factum
932 2963 978 3014 est
1000 2950 1108 3036 itaque
1132 2948 1299 3035 utriusque

345 3054 446 3141 partis
461 3074 601 3130 assensu,
615 3065 724 3116 nostra
742 3051 972 3116 interveniente
992 3054 1193 3127 auctoritate,
1209 3049 1297 3136 quod

237 3192 239 3195 ·
346 3157 511 3239 Rugosum
527 3154 557 3218 le
572 3157 661 3218 Brun
678 3151 840 3219 ecclesiam
856 3152 896 3216 de
912 3152 1080 3228 Fulehsm‚
1097 3175 1192 3239 qnam
1214 3164 1299 3217 tene-

344 3258 412 3333 bat,
427 3256 460 3320 in
476 3278 572 3320 manu
594 3254 734 3340 episcopi
757 3265 869 3340 sponte
884 3253 1047 3330 refutavit,
1062 3268 1094 3319 et
1114 3254 1197 3319 idem
1217 3253 1300 3340 epis·

343 3378 442 3442 copus
456 3356 563 3420 statim
580 3376 649 3419 eam
664 3354 820 3440 praedicto
837 3354 978 3419 Henrico
993 3356 1159 3433 concessit,
1173 3366 1206 3419 et
1224 3352 1298 3417 inde

345 3480 419 3522 eum
441 3456 614 3536 investivit,
636 3457 694 3519 bae
724 3458 843 3521 inserta
868 3457 1060 3531 conditione,
1086 3456 1173 3541 quod
1195 3476 1296 3541 quum

344 3559 428 3623 idem
437 3556 755 3643 Rogerusecclesiam
765 3555 805 3619 de
813 3557 988 3621 Stubebam
1000 3569 1100 3621 morte
1108 3566 1165 3620 aut
1174 3568 1298 3640 sponte,

345 3658 397 3723 vel
411 3679 616 3743 quecumque
631 3654 751 3718 ratione
767 3668 874 3718 tenere
888 3654 1029 3731 desierit,
1045 3654 1206 3719 Henricus
1226 3677 1298 3721 eam

345 3759 427 3823 sicut
443 3778 530 3823 snam
546 3756 644 3821 libere
659 3756 803 3841 recipiet,
817 3768 850 3820 et
864 3768 939 3842 post
953 3756 1115 3821 ecclesiam
1138 3757 1179 3822 de
1201 3757 1299 3823 Fuls-

344 3860 418 3923 bam
441 3858 589 3943 episcopo
612 3855 839 3930 londoniensi,
864 3856 922 3941 qui
943 3878 1003 3943 pro
1024 3875 1167 3944 tempore
1185 3860 1295 3936 fuerit,

344 3959 528 4043 resignabit.
573 3961 618 4023 Et
642 3956 711 4021 haec
726 3960 853 4022 volente
874 3961 1002 4043 Rogero
1023 3982 1083 4045 pro
1106 3961 1189 4024 bono
1210 3962 1298 4047 pacis

344 4060 559 4127 consentiente
581 4059 666 4124 facta
690 4072 777 4136 sunt,
793 4059 864 4145 ipso
887 4070 919 4122 et
943 4057 1075 4136 decano,
1099 4073 1131 4125 et
1155 4061 1297 4148 capitulo

343 4161 482 4227 ecclesiae
494 4161 580 4227 beati
595 4160 687 4225 Pauli
697 4160 909 4225 londoniensi
921 4174 1077 4245 proesente
1086 4174 1118 4226 et
1127 4175 1296 4243 annuente,

345 4264 478 4328 undeet
501 4261 661 4326 Henricus
678 4274 810 4346 propter
831 4261 899 4324 haec
922 4262 1101 4327 memoratis
1114 4277 1296 4326 controver-

345 4364 400 4427 siis
420 4362 549 4426 omnino
571 4362 774 4441 renuntiavit,
795 4374 829 4424 et
850 4361 999 4446 episeopo
1024 4363 1164 4445 plenarie
1190 4384 1298 4427 recon-

345 4462 471 4528 ciliatus
484 4475 543 4542 est,
558 4461 603 4525 ita
618 4460 706 4546 quod
721 4460 889 4545 episcopus
903 4475 936 4524 et
950 4458 1080 4525 ecclesia
1094 4462 1165 4546 ejus
1178 4463 1297 4529 chartis

345 4562 410 4627 suis
425 4561 505 4624 hanc
520 4559 777 4646 compositionem
794 4558 913 4624 debent
932 4561 1126 4626 confirmare.
1172 4564 1217 4627 Et
1239 4586 1297 4629 nos

346 4666 446 4749 igitur
469 4666 569 4749 ipsam
594 4662 783 4728 auctoritate
808 4661 891 4726 sedis
914 4663 1107 4749 apostolieae,
1120 4664 1213 4749 cujus
1228 4665 1296 4730 vice

344 4766 523 4851 fungimur,
535 4764 729 4840 roboramus,
742 4778 772 4829 et
785 4763 999 4829 inconvulsam
1013 4787 1139 4830 manere
1154 4764 1297 4852 praecipi-

344 4890 425 4933 mns.
