3300 6434
338 1204 402 1265 ato
597 1217 734 1263 rasurus
747 1216 1022 1262 sinnsnsnmnsrs
1197 1200 1243 1275 [r.
1260 1215 1294 1261 n

343 1370 469 1434 interim
485 1370 525 1434 de
536 1391 667 1435 numero
682 1382 713 1435 et
724 1372 908 1434 auctoribus
918 1365 1071 1434 librorum
1083 1368 1171 1432 Novi
1182 1370 1294 1432 Testa·

345 1473 445 1536 menti
460 1473 548 1537 dicta
562 1473 637 1552 sint,
651 1494 786 1557 quorum
807 1474 1052 1557 conceptionem
1068 1473 1095 1535 si
1110 1472 1183 1556 quis
1199 1492 1297 1534 nosse

345 1570 517 1651 desiderat,
529 1574 696 1657 epistolam
707 1575 792 1638 beati
805 1573 995 1658 Hieronymi
1008 1572 1050 1637 ad
1061 1573 1243 1646 Paulinum,
1255 1572 1296 1636 de

344 1674 463 1739 divinis
472 1675 563 1738 libris
576 1676 672 1757 legat,
684 1675 761 1758 quia
772 1688 807 1739 ut
822 1675 863 1738 de
878 1675 1077 1739 conscientia
1088 1695 1159 1738 mea
1172 1676 1296 1758 loquar,

347 1797 505 1860 nusquam
522 1777 634 1839 melius
651 1776 836 1854 invenietur,
853 1789 908 1840 aut
922 1775 1060 1859 planius.

390 1876 457 1939 Sed
477 1898 550 1960 quse
572 1897 648 1940 cura
667 1888 725 1950 est,
747 1878 946 1941 serenissime
968 1878 1108 1956 domine,
1122 1878 1182 1940 has
1201 1886 1296 1959 atque

347 1972 426 2041 alias
447 1977 479 2039 in
498 1976 741 2058 investigatione
759 1987 925 2039 auctorum
945 1977 1102 2041 discutere
1122 1976 1302 2058 opiniones,

349 2101 446 2164 quum
463 2100 562 2143 unum
575 2078 716 2142 omnium
732 2088 913 2141 sanctarum
925 2078 1157 2161 scripturarum
1174 2089 1301 2143 constet

349 2203 419 2245 esse
434 2193 596 2246 auctorem
612 2180 765 2264 Spiritum
781 2178 956 2243 Sanctum?
988 2177 1074 2243 Nam
1092 2181 1204 2242 beatus
1219 2179 1299 2242 Gre-

349 2283 457 2366 gorius
471 2282 504 2345 in
520 2282 692 2346 moralibus
709 2281 870 2345 verissime
892 2293 924 2344 et
938 2281 1185 2363 elegantissime,
1200 2302 1298 2364 quum

349 2394 476 2448 constet
498 2384 572 2447 libri
602 2384 687 2448 beati
712 2384 787 2456 lob,
812 2405 907 2466 quem
933 2385 1126 2467 exponebat,
1146 2383 1299 2465 Spiritum

350 2485 504 2549 Sanctum
520 2507 589 2549 esse
604 2497 777 2563 auctorem,
790 2485 830 2548 de
843 2485 996 2567 scriptore
1008 2484 1081 2547 libri
1093 2484 1300 2568 postmodum

351 2606 501 2671 quaerere,
527 2585 662 2668 proinde
687 2586 870 2650 habendum
895 2608 977 2664 esse,
1006 2608 1043 2650 ac
1070 2587 1109 2665 si,
1138 2607 1235 2670 quum
1260 2584 1301 2647 de

351 2687 507 2770 scriptore
522 2698 641 2751 certum
653 2687 704 2763 sit,
716 2686 755 2750 de
771 2688 906 2761 calamo,
920 2710 984 2772 quo
998 2688 1079 2751 liber
1090 2688 1228 2770 scriptus
1243 2696 1303 2762 est,

352 2788 521 2853 dubitetur.
560 2791 635 2853 Non
656 2812 731 2871 ergo
747 2786 853 2872 magni
875 2792 1000 2854 faciatis
1021 2792 1047 2853 si
1071 2790 1301 2873 scripturarum

352 2901 518 2954 teneantur
533 2906 690 2969 auctores,
704 2891 761 2955 sed
776 2893 803 2956 si
819 2894 970 2957 veraciter
983 2894 1210 2975 intelligantur:
1235 2890 1300 2953 imo

352 3004 438 3057 certe
453 2992 481 3054 si
496 2995 549 3076 pie
567 3003 601 3056 et
615 2993 753 3057 fideliter
771 2994 972 3077 impleantur.
1018 2993 1093 3058 Non
1111 2992 1196 3057 enim
1213 2991 1301 3055 audi-

353 3106 437 3158 tores
447 3094 538 3176 legis,
550 3106 585 3157 ut
595 3094 640 3157 ait
652 3094 830 3177 apostolus,
840 3095 926 3177 apud
939 3096 1115 3158 Dominum
1126 3090 1208 3178 justi
1219 3105 1303 3167 sunt,

353 3195 412 3259 sed
427 3196 573 3259 factores.
610 3196 661 3259 Ad
680 3197 750 3260 haec
765 3196 798 3258 in
813 3196 878 3259 illis
896 3197 1043 3279 occupari
1067 3196 1224 3280 optimum
1243 3208 1303 3270 est,

354 3298 440 3381 qnia,
455 3309 490 3359 ut
504 3318 561 3380 per
573 3296 795 3359 fidelissimum
810 3318 965 3378 organum
985 3319 1088 3376 suum,
1104 3298 1220 3362 veritas
1234 3298 1306 3381 ipsa

355 3398 525 3483 eloquitur.
569 3400 653 3462 Ama
681 3396 847 3461 scientiam
875 3397 1119 3479 scripturarum,
1145 3410 1176 3464 ct
1201 3399 1306 3463 carnis

355 3500 432 3563 vitia
458 3521 524 3563 non
552 3499 684 3564 amabis.
728 3499 869 3563 Proinde
895 3500 1086 3582 intelligenti
1112 3501 1211 3564 otium
1237 3500 1306 3562 sine

355 3603 469 3666 litteris
484 3623 569 3666 mors
585 3614 643 3680 est,
658 3613 689 3666 et
704 3601 766 3664 vivi
783 3602 922 3665 hominis
938 3604 1110 3685 sepultura.

387 3703 437 3765 Ad
448 3704 569 3765 tertiam
579 3703 765 3787 progredior
774 3704 1138 3787 quaestionem,Quidam
1149 3705 1190 3768 sit
1199 3726 1308 3768 mensa

360 3802 437 3866 solis
458 3803 490 3863 in
512 3805 635 3880 sabulo,
651 3826 747 3888 quam
768 3806 1011 3869 tamosissimam
1031 3807 1114 3869 inter
1137 3828 1308 3889 gymnoso-

359 3902 481 3986 phistas
492 3911 647 3965 scrutator
657 3904 810 3980 veritatis,
820 3915 852 3968 et
860 3906 1035 3970 litterarum
1046 3906 1308 3988 diligentissimus

360 4019 570 4089 persequutor
580 4006 771 4087 Apollonius
781 4008 993 4090 conspexitin
1005 4009 1128 4086 sabulo,
1139 4029 1234 4090 super
1244 4030 1309 4088 quo

361 4128 473 4171 ornnes
496 4106 655 4184 consului,
676 4106 731 4191 qui
753 4108 786 4169 in
809 4108 946 4172 Francia
969 4108 1139 4191 primatum
1160 4107 1311 4169 videntur

360 4207 477 4271 habere
501 4207 746 4291 scripturarum,
769 4208 824 4271 sed
849 4210 925 4292 quia
950 4230 1006 4271 eos
1029 4206 1157 4289 gentilis
1178 4206 1311 4271 historia

360 4310 462 4388 latuit,
476 4331 541 4373 uon
560 4310 693 4373 multum
716 4311 926 4393 reprohendo,
942 4312 968 4374 si
990 4310 1076 4396 quod
1098 4332 1162 4373 non
1186 4309 1309 4374 didice-

359 4411 572 4489 rant„docere
590 4412 808 4495 nequiverunt.
847 4413 985 4486 Quidam
1005 4426 1111 4478 tamen
1126 4412 1309 4496 impruden-

361 4515 436 4578 tiam
458 4536 546 4577 suam
568 4513 786 4597 impudentius
807 4513 1008 4593 detexerunt,
1026 4514 1060 4577 id
1079 4516 1181 4578 solum
1202 4515 1313 4595 inepta

359 4612 567 4698 responsione
590 4614 830 4699 persuadentes,
854 4616 940 4699 quod
968 4640 987 4681 a
1012 4616 1207 4691 doctoribus,
1232 4637 1314 4699 qnos

361 4718 468 4781 diuet
489 4721 587 4782 multa
609 4716 755 4780 mercede
778 4718 1011 4793 conduxerant,
1027 4720 1107 4782 nihil
1131 4720 1212 4781 scire
1234 4718 1314 4781 didi·

363 4830 482 4883 ccrunt.
537 4820 677 4882 Historia
714 4833 819 4882 autern
858 4820 925 4884 haec
963 4843 1059 4905 quam
1096 4820 1229 4901 vcritatc
1267 4840 1314 4882 rc.-
