3300 6434
411 1104 474 1164 190
669 1118 805 1163 Josuurs
821 1118 1096 1166 sanssssnrsusrs
1271 1105 1318 1186 [s.
1335 1123 1369 1168 n.

412 1289 475 1355 que
490 1267 610 1353 aliquo,
626 1269 652 1334 si
668 1268 735 1332 fieri
751 1280 869 1355 potest,
885 1267 1030 1335 relevetis
1049 1269 1172 1336 solatio.
1217 1273 1281 1338 Pro
1294 1272 1368 1357 ipso

409 1369 494 1433 enim
526 1370 672 1457 spondeo
700 1372 908 1448 confidenter,
939 1373 1017 1458 quia
1046 1373 1221 1438 claustrum
1260 1387 1367 1439 servat

408 1468 539 1552 invitus,
553 1487 585 1537 et
600 1472 765 1560 sicutipse
779 1473 856 1538 mihi
872 1472 1010 1559 scripsit,
1025 1473 1069 1538 sic
1090 1474 1208 1539 credit:
1231 1474 1281 1538 his
1303 1475 1360 1561 qui

410 1593 443 1635 se
471 1574 668 1639 obedientias
696 1588 896 1639 contemnere
930 1573 1120 1656 gloriantur,
1151 1575 1234 1640 sicut
1269 1576 1369 1662 lupus

411 1673 598 1761 adquiescit.

673 1938 895 2004 EPISTOLA
919 1938 1105 2005 LXXXVI.

454 2070 563 2135 Rmo
578 2069 785 2134 humanitatis
799 2069 910 2155 exigit,
926 2082 962 2135 ut
977 2071 1122 2136 veritatis
1136 2082 1263 2135 amator
1276 2071 1365 2136 testi-

413 2173 554 2238 mouium
582 2172 750 2259 perhibeat
779 2175 916 2248 veritati,
956 2171 1130 2258 praesertim
1162 2172 1218 2238 ubi
1248 2174 1365 2238 veritas

410 2272 619 2360 periclitatur.
666 2273 748 2337 Inde
769 2272 926 2359 estquod
947 2296 1075 2338 causam
1096 2272 1207 2338 latoris
1227 2297 1364 2361 prasen-

411 2374 504 2453 tium,
516 2388 675 2461 quatenus
690 2374 721 2437 iu
737 2373 897 2439 auditorio
908 2387 1015 2440 nostro
1029 2375 1182 2440 ventilata
1193 2389 1252 2456 est,
1268 2390 1366 2462 prout

411 2474 505 2543 series
514 2479 585 2562 ejus
594 2476 626 2539 in
640 2476 763 2540 scriniis
773 2477 888 2539 nostris
900 2474 1086 2560 diligentius
1095 2475 1248 2561 inquisita
1258 2479 1364 2562 potuit

413 2577 559 2657 inveniri,
582 2578 753 2644 transferre
775 2580 956 2641 curavimus
979 2576 1018 2640 ad
1043 2576 1186 2642 notitiam
1215 2590 1366 2655 vestram,

413 2681 469 2765 qui
495 2703 563 2744 eam
592 2704 632 2745 ex
655 2680 807 2744 mandato
832 2679 1006 2765 apostolico
1034 2678 1158 2743 debetis
1188 2678 1366 2744 terminare.

413 2785 549 2848 Constat
564 2783 675 2871 itaque
689 2782 775 2868 quod
793 2805 850 2846 nos
871 2794 1005 2867 urgente
1021 2781 1171 2845 mandato
1186 2779 1285 2845 felicis
1301 2804 1364 2844 me-

411 2882 519 2948 moriae
537 2883 675 2968 Eugeuii
692 2904 795 2970 papae,
813 2882 1018 2968 jamdictum
1037 2884 1081 2946 H.
1091 2881 1132 2946 de
1146 2882 1366 2947 Hameledona

410 2985 453 3048 ab
467 2985 553 3047 omni
575 2984 780 3070 obligatione,
800 3007 874 3069 quae
889 2984 930 3048 ab
949 3008 989 3047 eo
1003 2996 1129 3048 extorta
1143 2985 1259 3061 suerat,
1277 2998 1309 3049 et
1324 3007 1364 3048 ex

411 3107 476 3172 qua
486 3085 657 3149 venerabili
669 3085 760 3149 fratri
768 3097 874 3148 vestro
887 3083 1097 3149 Wintouiensi
1106 3084 1255 3170 episcopo
1264 3085 1365 3163 teneri

412 3186 591 3262 videbatur,
614 3186 815 3251 absolvimus.
863 3186 911 3250 Ut
934 3208 1011 3271 ergo
1033 3185 1242 3250 absolutionis
1268 3186 1366 3273 hujus

412 3290 495 3354 ratio
517 3289 700 3354 discretioni
726 3301 839 3351 vestrae
861 3286 999 3352 lucidius
1027 3286 1215 3364 innotescat,
1243 3286 1367 3352 litteras

412 3391 602 3477 apostolicas
632 3391 722 3455 vobis
751 3389 888 3454 exscribi
919 3389 1130 3475 praecipimus.
1175 3388 1229 3454 Sic
1257 3389 1366 3476 itaque

411 3492 566 3576 scriptum
590 3508 636 3558 est
657 3492 785 3556 domino
807 3491 1022 3554 Wintonieusi
1045 3513 1104 3577 pro
1128 3494 1172 3556 H.
1189 3489 1303 3556 clerico
1325 3493 1365 3556 de

413 3590 638 3656 Hameledona.
684 3595 789 3657 Juxta
803 3593 932 3658 Osberti
946 3592 1051 3657 clerici
1066 3592 1114 3656 tui
1130 3597 1366 3678 suggestionem

409 3691 602 3755 fraternitati
614 3706 680 3756 tuae
690 3715 747 3756 nos
759 3695 921 3780 scripsisse
934 3696 1148 3771 meminimus,
1162 3697 1364 3782 postmodum

412 3790 584 3856 rcroideru
609 3792 768 3856 Osbertus
786 3796 818 3855 in
841 3798 1012 3877 praesentia
1033 3810 1143 3861 nostra
1164 3821 1261 3883 super
1280 3822 1366 3863 men·

413 3894 503 3959 dacio
517 3907 549 3959 et
563 3893 646 3959 falsa
668 3893 871 3976 suggestione
893 3917 951 3957 sua
970 3897 1153 3960 confutatus
1174 3912 1272 3983 atque
1293 3923 1366 3963 oon-

411 3997 515 4063 victus
524 3995 642 4072 extitit,
653 3995 802 4083 quoniam
815 3994 988 4080 praedictus
1000 3996 1043 4058 Η.
1054 4017 1158 4080 neque
1166 4020 1237 4060 cum
1246 3999 1364 4076 amicis,

412 4122 515 4186 neque
531 4122 603 4162 cum
616 4098 726 4184 rapina
742 4096 888 4160 iuventus
901 4096 948 4160 vel
964 4109 1078 4183 captus
1093 4096 1165 4160 fuit.
1211 4101 1366 4176 Quocirca

411 4201 484 4274 licet
500 4200 582 4266 sicut
594 4199 736 4263 homines
750 4197 854 4284 decipi
870 4199 1060 4284 quandoque
1071 4220 1249 4283 possumus,
1261 4213 1364 4267 tamen

414 4319 451 4371 ut
471 4303 634 4368 occasione
657 4302 834 4365 litterarum
858 4317 1035 4365 nostrarum
1062 4302 1221 4366 Heuricus
1236 4303 1303 4389 ipse
1318 4305 1366 4369 in·

407 4407 496 4491 juste
519 4417 683 4484 tractetur,
706 4402 756 4466 vel
778 4401 1018 4478 condamnetur,
1041 4427 1098 4467 nec
1126 4405 1284 4482 volumus,
1307 4428 1364 4470 nec

412 4505 480 4590 pati
511 4503 673 4568 debemus.
718 4503 860 4588 Ideoque
891 4526 947 4588 per
968 4504 1137 4588 praesentia
1159 4504 1217 4570 tibi
1248 4507 1366 4592 scripta

414 4606 600 4668 mandamus
614 4619 710 4690 atque
727 4601 941 4690 praecipimus,
954 4604 1042 4688 quod
1055 4606 1140 4668 omni
1157 4607 1318 4671 occasione
1333 4620 1364 4671 et

415 4703 565 4776 dilatione
581 4718 712 4782 remota,
723 4703 857 4769 eundem
875 4706 919 4768 H.
936 4703 1092 4772 restitutis
1106 4707 1264 4787 omnibus,
1276 4729 1363 4800 quse·
