3300 6434
346 1269 409 1331 ³18
603 1281 740 1326 scaurus
756 1279 1035 1328 scansusumusm
1213 1262 1263 1342 [A.
1283 1283 1318 1327 n.

224 1642 229 1653 Ι
344 1547 565 1617 EPlSTOLA
592 1547 1317 1616 cuxxxv.-mmo1smnnmmnnmr

605 1661 765 1714 eunucus.
814 1652 859 1732 [l.
868 1671 900 1715 n.
919 1648 1029 1729 llud]

579 1803 743 1885 Moyistsu
761 1804 907 1866 Girardo
925 1804 1065 1866 Pucelle.

387 1929 486 2001 Quon
501 1925 667 1990 dilectioni
681 1936 793 1989 vestrae
808 1926 987 2011 respondeo
1002 1926 1125 1991 tardius
1144 1937 1180 1991 et
1201 1928 1311 1994 rarius

345 2032 462 2106 scribo,
477 2048 576 2114 quum
593 2027 662 2112 jam
677 2028 799 2091 litteras
814 2040 936 2093 vestras
953 2027 1097 2093 seeundo
1111 2029 1309 2113 receperim,

343 2133 421 2197 facit
449 2130 703 2195 intermeantium
741 2130 864 2207 raritas,
891 2131 1035 2194 locorum
1074 2131 1242 2207 distantia,
1276 2145 1309 2197 et

230 2247 234 2256 '⁴
342 2234 530 2298 transituum
550 2232 724 2297 difficultas
738 2232 933 2296 nostratibus
954 2233 1154 2313 ignotomm:
1186 2234 1249 2298 sed
1265 2257 1305 2300 eo

344 2336 473 2421 quidem
488 2335 591 2416 magis
602 2334 702 2397 fervet
713 2333 971 2415 affectio,linfp1a
982 2336 1055 2399 silet
1066 2335 1305 2417 impatientius,

344 2460 410 2522 quo
426 2437 548 2502 cantati
565 2454 727 2500 succensae
750 2455 808 2518 per
824 2436 1055 2499 exhibitionem
1071 2438 1301 2521 obsequiorum

342 2540 470 2625 prodire
491 2560 557 2602 non
579 2538 656 2602 licet
676 2538 711 2600 iu
736 2537 914 2620 publicum,
935 2550 968 2601 et
993 2539 1187 2603 commercio
1209 2542 1302 2604 verbi

342 2650 493 2722 negatum
519 2646 579 2715 est,
602 2647 729 2701 mutuas
754 2639 787 2700 in
814 2638 914 2702 corda
937 2650 1048 2702 nostra
1072 2661 1160 2704 more
1185 2642 1301 2707 amicis

343 2742 459 2806 usitato
474 2749 507 2803 et
515 2737 663 2822 jucundo
678 2736 824 2819 trajicere
840 2741 1013 2804 sententias
1028 2742 1217 2805 animorum.
1258 2741 1300 2805 In

342 2843 405 2906 hnc
420 2841 528 2923 itaque
543 2839 628 2901 malo
643 2838 758 2920 aliquis
772 2858 849 2902 usus
865 2851 922 2917 ast,
938 2841 1013 2905 dum
1035 2861 1094 2925 per
1115 2843 1299 2907 absentiam

343 2961 512 3027 corporum
537 2939 640 3022 magis
664 2938 832 3004 invalescit
859 2943 1022 3024 integritas
1050 2944 1242 3024 animonrm,
1267 2958 1301 3009 ct

342 3046 460 3110 amoris
481 3040 637 3128 patientis
651 3053 787 3106 mentem
803 3044 1004 3122 exulcerans,
1019 3044 1138 3108 doloris
1161 3047 1212 3109 sui
1235 3045 1302 3111 dis-

344 3147 472 3233 pendio,
488 3156 521 3210 et
535 3165 596 3209 usu
622 3145 769 3208 exercitii
795 3145 844 3208 sui
870 3145 904 3207 in
921 3146 1045 3209 virtutis
1068 3146 1303 3230 compendium

341 3246 480 3334 proficit,
496 3260 585 3310 etex
606 3245 814 3309 assuetudine
839 3245 1062 3310 dissidentium
1086 3248 1127 3311 ad
1150 3249 1301 3313 laborum

341 3349 539 3414 tolerantiam
567 3348 742 3410 roboratur.
787 3347 903 3410 Malim
928 3358 1045 3428 tamen,
1072 3352 1156 3413 etsi
1186 3352 1301 3434 prosit,

342 3451 438 3537 hujus
475 3451 682 3536 impatientiae
722 3451 835 3513 abesse
870 3470 973 3529 nsum,
1005 3450 1081 3515 dum
1112 3452 1301 3518 cohabitare

341 3572 521 3637 possumus,
537 3565 568 3617 et
589 3553 707 3615 mutuis
722 3552 781 3615 frui
808 3553 989 3635 colloquiis,
1004 3554 1148 3617 consiliis
1170 3555 1301 3633 instrui,

270 3667 273 3671 “
342 3666 375 3720 et
399 3655 607 3719 auxiliaribus
629 3655 743 3718 officiis
769 3654 886 3716 muniri
908 3666 940 3717 et
966 3654 1083 3718 firmari
1109 3657 1143 3719 in
1167 3677 1301 3720 omnem

342 3776 462 3820 casum.
501 3757 565 3821 Sed
580 3755 841 3842 quandoquidem
854 3755 1054 3840 dispositioni
1072 3757 1186 3821 dirinae
1203 3759 1302 3822 aliter

341 3858 445 3918 risum
458 3867 515 3931 est,
527 3869 674 3939 prompta
685 3856 856 3921 devotione
865 3858 965 3941 ipsius
977 3879 1145 3941 pareamus
1155 3860 1301 3934 arbitrio,

341 3958 434 4044 cujus
449 3958 523 4021 etsi
544 3958 704 4042 possimus
719 3960 836 4023 evitare
856 3960 1058 4039 sententiam,
1074 3974 1194 4024 mutare
1219 3983 1301 4025 con-

341 4061 448 4124 silium
476 4080 542 4123 non
572 4060 726 4137 valemus,
755 4080 820 4142 quo
851 4060 1061 4142 diligentibus
1094 4063 1156 4125 sibi
1187 4063 1302 4127 omnia

341 4171 530 4246 cooperatur
542 4164 575 4224 in
590 4163 723 4237 bonum,
737 4172 769 4224 et
784 4163 904 4225 salubri
919 4163 1158 4245 dispensatione
1179 4184 1301 4248 procu·

341 4275 399 4342 rat,
414 4273 449 4325 ut
465 4263 573 4326 omnia
587 4262 704 4326 cedant
718 4264 751 4325 in
768 4285 861 4326 usum
876 4265 1051 4348 sapientiae.

383 4364 591 4447 Exposuistis
606 4365 682 4426 mihi
698 4378 811 4442 vestra,
827 4366 943 4446 gratias
959 4388 1031 4447 ago,
1047 4368 1105 4430 sed
1126 4369 1299 4434 maximas.

341 4464 796 4538 Quaesistisconsiliummeum
805 4466 1135 4548 ministerioMagistri
1145 4468 1301 4533 Radulfi:

340 4564 520 4648 respondeo
535 4562 623 4646 quod
640 4562 796 4642 desidero,
808 4564 897 4648 quod
912 4587 1005 4649 spero
1022 4567 1062 4630 de
1077 4569 1304 4635 misericordia

341 4666 484 4743 Domini,
514 4664 589 4747 quia
617 4675 650 4726 et
679 4664 757 4728 citra
786 4686 917 4749 operam
946 4689 1050 4730 meam
1080 4670 1170 4731 vobis
1204 4670 1302 4735 Deus

340 4767 478 4830 salubria
492 4765 681 4849 providebit,
698 4776 730 4828 et
745 4766 865 4829 utinam
885 4768 1049 4849 parvitatis
1071 4791 1150 4833 meae
1174 4771 1301 4852 officio,

340 4867 525 4930 fraternitati
541 4877 651 4930 vestrae
667 4867 815 4948 dignetur
830 4890 959 4950 erogare
980 4871 1068 4954 quod
1084 4872 1125 4935 ad
1139 4872 1301 4936 honorem
