3300 6434
351 1280 543 1359 llot—ol.]
726 1295 904 1343 srrsronn.
1255 1281 1295 1339 67

342 1465 400 1528 pro
415 1466 449 1510 se
464 1445 676 1529 juravemnt?
714 1445 881 1533 Numquid
902 1446 1102 1514 haecomnia
1124 1443 1294 1532 prefectus

342 1544 431 1627 vidit,
446 1546 530 1623 exul,
547 1556 580 1611 et
602 1547 654 1611 cui
679 1547 792 1612 urbem
812 1548 930 1612 intrare
951 1568 1014 1612 non
1036 1547 1137 1612 licet?
1175 1547 1240 1611 Sed
1260 1556 1302 1623 et,

343 1646 420 1733 ipse,
437 1660 473 1713 ut
487 1648 660 1734 vulgariter
681 1649 744 1713 dici
766 1649 857 1731 solet,
874 1649 1042 1715 Octaviani
1066 1670 1164 1734 nepos
1186 1658 1243 1724 est,
1260 1657 1294 1711 et

342 1747 491 1828 aricino,
506 1760 543 1813 ut
562 1749 679 1813 rectius
700 1748 846 1825 dixerim,
869 1758 1034 1834 cognatus,
1049 1760 1159 1834 utpote
1181 1747 1293 1812 sororis

344 1847 437 1913 filius.
485 1848 550 1913 Sed
564 1848 618 1914 elii
633 1849 717 1914 cives
732 1851 802 1916 lroec
821 1851 929 1917 omnia
943 1852 1159 1937 inspexerunt,
1174 1860 1210 1915 ut
1224 1860 1294 1931 tuto

340 1949 495 2034 jurarent.
540 1951 708 2039 Numquid
734 1953 775 2017 ad
799 1964 915 2018 terram
946 1954 1045 2019 Siculi
1068 1951 1294 2019 accesserunt?

345 2051 446 2117 Plane
466 2052 604 2119 fideliter
621 2055 793 2120 examinati
808 2067 883 2120 suut
898 2067 1004 2133 testes,
1021 2056 1075 2142 qui
1091 2057 1162 2121 haec
1175 2056 1294 2135 omnia,

344 2167 502 2239 proeseute
532 2156 587 2221 illo
616 2179 705 2221 sacro
734 2158 879 2234 concilio,
904 2159 1102 2243 juraverunt.
1160 2158 1225 2221 Sed
1254 2158 1295 2221 de

345 2255 501 2323 industria
525 2258 647 2323 civibus
677 2259 807 2324 remissa
835 2272 884 2324 est
913 2260 1083 2325 necessitas
1107 2259 1294 2344 juramenti,

345 2359 496 2444 quoniam
523 2381 587 2425 non
611 2371 703 2425 erant
723 2361 834 2447 utique
851 2362 999 2445 juraturi.
1045 2362 1130 2426 Nam
1152 2361 1210 2426 etsi
1231 2383 1294 2426 non

345 2457 558 2543 conscientes,
573 2471 606 2526 at
622 2462 715 2527 lanrae
735 2463 938 2548 dispendium
954 2464 1040 2549 apud
1062 2463 1207 2529 concives
1221 2485 1294 2528 suos

345 2562 506 2629 incurrere
522 2565 722 2631 verebuntur.
748 2566 910 2632 Caeterum
924 2566 1056 2632 sanioris
1071 2567 1168 2653 partis
1183 2588 1296 2630 nume·

344 2665 455 2730 roeitas
469 2687 533 2753 quo
554 2667 710 2733 defluxit?
750 2668 784 2733 si
800 2669 979 2754 prudentiae
1002 2681 1036 2735 et
1052 2669 1188 2754 justitiae
1207 2669 1296 2732 inco·

345 2767 491 2834 lumitate
506 2770 667 2853 vigebant,
684 2793 748 2858 quo
764 2781 852 2836 motu
873 2783 1070 2837 recesserunt
1083 2796 1102 2837 a
1117 2772 1250 2836 veritate
1265 2782 1299 2835 et

344 2870 469 2955 justitia
483 2893 580 2959 quarn
601 2872 780 2937 tenebant?
818 2876 914 2938 Anne
934 2874 1070 2961 pecunia
1085 2874 1140 2939 illa
1160 2873 1298 2959 corrupti

349 2984 434 3052 suut,
449 2996 546 3059 quarn
562 2986 722 3039 senatores
743 2996 777 3039 se
797 2976 838 3040 ab
860 2976 1036 3041 Octsviauo
1051 2976 1209 3062 accepisse
1224 2996 1299 3040 con-

349 3074 422 3139 fessi
438 3087 521 3153 sunt,
538 3085 574 3140 ut
590 3076 738 3161 jurarent
759 3078 990 3163 promotionem
1007 3078 1100 3163 ejus?
1121 3099 1194 3165 quos
1209 3099 1300 3164 repu-

348 3176 462 3242 rationi
476 3198 639 3243 murorum
655 3201 674 3243 a
688 3179 807 3265 populo
830 3180 958 3246 addicta
977 3190 1035 3262 est,
1050 3180 1299 3246 acclamantibus

348 3279 467 3362 multis,
481 3280 566 3366 quod
587 3302 650 3344 nou
672 3279 748 3346 licet
767 3281 895 3346 mittere
915 3304 987 3347 earn
1002 3282 1035 3346 in
1053 3283 1246 3361 Corbonern,
1261 3303 1300 3344 eo

347 3381 433 3468 quod
458 3381 596 3467 pretium
619 3379 781 3465 sanguinis
802 3381 876 3446 est?
913 3379 964 3445 Ex
985 3381 1041 3446 illo
1062 3403 1180 3465 magno
1202 3401 1299 3444 nervo

348 3483 405 3547 soli
435 3495 499 3549 tres
520 3494 751 3563 remanserunt,
777 3483 867 3567 digni
892 3484 1023 3569 quidem
1048 3481 1233 3560 cardinales,
1258 3481 1298 3545 de

348 3586 464 3672 quibus
476 3587 641 3649 Teutones
656 3584 688 3647 in
705 3585 814 3647 castris
829 3585 950 3647 ferrent
965 3582 1165 3647 sententiam.
1200 3581 1300 3646 Audi-

346 3686 392 3750 vit
406 3685 477 3747 haec
488 3684 596 3748 omnia
608 3682 786 3747 Willelmus
801 3682 966 3767 Pupiensis
980 3681 1148 3747 cardinalis
1165 3683 1197 3746 S.
1213 3682 1301 3747 Petri

345 3786 386 3850 ad
401 3784 541 3861 vincula3
561 3793 720 3869 praesente
734 3783 870 3848 concilio
885 3805 949 3848 non
965 3783 1102 3870 negavit.
1142 3784 1207 3850 Sed
1221 3785 1300 3873 quid

346 3909 405 3974 pro
430 3886 560 3950 Victore
590 3885 748 3951 asseruit?
777 3908 876 3974 quare
900 3887 1048 3972 neglecta
1070 3901 1120 3953 est
1141 3890 1301 3955 attestatio

348 3989 441 4076 ejus?
473 3988 721 4075 interrogandus
736 4002 824 4055 erate
847 3990 1023 4070 satiegenim
1039 3989 1179 4056 hahebat
1192 3992 1255 4056 oris
1270 4005 1303 4057 et

346 4091 493 4180 pectoris,
509 4102 542 4155 et
556 4103 697 4171 atatem,
713 4102 749 4156 ut
765 4114 823 4178 pro
838 4115 872 4157 se
887 4092 1080 4178 loqueretur.
1127 4091 1192 4155 Sed
1207 4092 1301 4177 plane

347 4194 558 4280 interrogatus
569 4216 633 4259 non
645 4206 704 4274 est,
716 4195 802 4281 quod
812 4194 917 4259 fuerat
926 4205 1109 4278 negaturus,
1121 4206 1155 4256 et
1166 4194 1302 4259 scienter

348 4298 510 4362 obmutuit
524 4297 557 4360 in
573 4297 724 4372 tumultu,
741 4296 796 4381 qni
812 4296 926 4360 furoris
940 4295 1071 4360 ridebat
1087 4296 1253 4381 impetum,
1270 4309 1304 4360 et

349 4398 435 4484 quod
443 4399 514 4461 haec
523 4397 730 4482 praesumptio
739 4396 772 4459 iu
783 4396 873 4459 nullo
885 4396 1073 4483 praejudicat
1082 4396 1304 4462 ecclesiasticae

349 4500 498 4565 libertati.
545 4499 656 4564 Unum
685 4509 793 4563 temen
820 4500 953 4564 edoctus
974 4521 1045 4564 sum
1073 4499 1198 4564 silentio
1223 4499 1303 4586 ejus,

350 4602 427 4687 quia
449 4600 504 4686 qui
527 4599 560 4664 in
589 4611 678 4666 tanto
702 4599 885 4665 discrimine
916 4599 1060 4665 ecclesias
1091 4621 1153 4663 non
1181 4600 1307 4665 videtur

349 4703 391 4767 ad
416 4703 603 4789 martyrium
628 4725 808 4789 properare,
832 4703 858 4767 si
882 4702 1019 4767 Victoris
1041 4702 1122 4766 adeo
1144 4724 1220 4767 seua
1245 4702 1306 4767 luit
1339 4785 1345 4796 ι

349 4803 474 4885 electio,
497 4826 596 4891 quare
620 4804 798 4869 cardinales
820 4804 960 4891 episcopi
984 4814 1017 4868 et
1038 4824 1150 4869 omnes
1171 4802 1235 4879 alii,
1251 4826 1307 4869 ex·

350 4904 450 4991 ceptis
465 4904 514 4970 his
529 4906 641 4984 tribus,
658 4928 739 4992 quos
754 4917 791 4969 tu
812 4904 944 4992 quidem
965 4926 1108 4987 noveras,
1122 4903 1178 4969 sed
1193 4906 1308 4971 amodo

780 5027 799 5069 r
812 5008 834 5067 2
