3300 6434
362 1232 404 1289 50
619 1242 756 1287 maurus
771 1240 1052 1285 exaesaaamusrs
1218 1224 1266 1297 [a.
1284 1242 1315 1285 o.

366 1406 397 1459 et
414 1393 553 1458 Domino
566 1406 695 1457 auctore
710 1411 885 1476 numquam
898 1389 1115 1456 lschismaticis
1130 1389 1318 1456 adhaerebit.

365 1495 507 1559 Ecclesia
523 1515 598 1558 vero
615 1493 790 1568 Gallicana,
808 1492 889 1556 sicut
905 1492 995 1555 nobis
1011 1492 1150 1557 veridica
1166 1493 1317 1557 relatione

362 1595 513 1672 innotuit,
525 1596 643 1681 recepit
660 1594 876 1660 Alexandrum
890 1606 921 1657 et
937 1595 978 1657 ab
991 1594 1167 1657 Octaviano
1177 1594 1315 1658 recessit.

363 1696 457 1774 Quod
473 1710 580 1760 autem
596 1695 636 1758 ad
653 1694 825 1758 humanum
844 1705 966 1778 spectat
986 1715 1129 1771 examen,
1145 1694 1268 1758 meliori
1282 1707 1314 1759 et
1394 1704 1400 1712 '

362 1798 479 1861 saniori
491 1800 575 1883 parti
586 1795 715 1860 videtur
726 1794 906 1873 adhaesisse‚
917 1816 1018 1879 quum
1034 1795 1182 1858 omnibus
1192 1807 1313 1860 constet

362 1898 449 1983 quod
481 1919 614 1984 persona
639 1896 814 1960 Alexandri
843 1896 1003 1958 honestior
1028 1909 1086 1969 est,
1114 1895 1314 1980 prudentior,

360 1996 541 2075 litteratior,
554 1998 776 2084 eloquentiorz.
789 2011 820 2059 et
833 2019 928 2059 causa
942 1998 1011 2082 ejus
1026 1998 1067 2061 ab
1082 1997 1229 2061 omnibus
1240 1996 1313 2061 iude

359 2102 559 2166 venientibus
570 2099 720 2164 sincerior
734 2112 763 2162 et
773 2099 893 2184 justior
908 2098 1114 2185 praedicetur.
1142 2101 1188 2163 Et
1200 2121 1312 2185 quam·

357 2202 406 2265 vis
432 2205 578 2266 neutrius
608 2202 734 2263 illorum
761 2200 868 2263 adhuc
894 2202 1043 2264 nuntium
1073 2215 1130 2264 aut
1156 2202 1309 2285 scriptum

358 2303 542 2382 viderimus,
568 2301 683 2365 scimus
712 2316 816 2366 tamen
848 2302 925 2386 quia
953 2323 1062 2366 omnes
1091 2315 1258 2377 nostrates,
1284 2302 1311 2365 si

359 2417 463 2466 vester
487 2424 658 2473 consensus
681 2401 820 2478 affuerit,
845 2401 1006 2485 proniores
1029 2415 1104 2466 sunt
1130 2401 1162 2464 iu
1185 2414 1309 2488 partem

357 2503 541 2568 Alexandri.
565 2501 755 2567 Audivimus
777 2516 881 2566 autem
903 2501 989 2588 quod
1013 2503 1255 2588 imperatoreos
1276 2501 1308 2565 in

356 2617 478 2687 partem
504 2602 666 2666 Octaviani
690 2602 813 2666 trahere
836 2617 987 2668 conetur:
1019 2604 1073 2666 sed
1096 2604 1189 2681 absit,
1212 2616 1248 2665 ut
1274 2602 1306 2665 in

356 2717 447 2769 tanto
463 2705 601 2788 periculo
616 2701 756 2767 ecclesiae
774 2724 836 2787 pro
850 2726 955 2767 amore
970 2703 1019 2766 vel
1040 2705 1157 2767 honore
1172 2704 1308 2766 bominis

357 2806 478 2870 faciatis
495 2806 552 2868 uisi
566 2804 650 2890 quod
667 2803 865 2867 credideritis
882 2806 1019 2867 Domino
1035 2805 1236 2889 placiturum,
1250 2827 1306 2868 nec

355 2906 445 2970 decet
479 2907 673 2991 majestatem
705 2920 852 2984 vestram,
875 2906 900 2968 si
922 2905 1037 2990 placet,
1061 2916 1098 2969 ut
1128 2906 1307 2969 inconsulta

354 3006 483 3069 ecclesia
498 3004 587 3091 regni
603 3006 696 3069 vestri
712 3006 932 3091 superponatis
943 3007 971 3068 ei
987 3006 1157 3085 hominem,
1169 3007 1224 3092 qui
1240 3008 1305 3069 sine

353 3105 514 3182 electione,
525 3118 557 3169 et
573 3119 608 3169 ut
625 3105 752 3190 publice
768 3105 898 3185 dicitur,
908 3107 975 3168 sine
989 3107 1093 3190 gratia
1103 3108 1231 3172 Domini
1247 3130 1304 3193 per

352 3207 491 3270 favorem
515 3219 546 3271 et
574 3207 637 3270 vim
659 3206 861 3290 imperatoris
884 3219 1007 3270 tautum
1033 3208 1181 3270 honorem
1204 3232 1304 3272 ausus

351 3320 399 3370 est
425 3329 590 3392 occupare.
637 3307 720 3368 Nam
751 3318 818 3369 tota
845 3307 911 3369 fere
940 3307 1069 3370 ecclesia
1099 3307 1241 3371 Romana
1269 3309 1302 3371 in

350 3422 442 3493 parte
460 3408 633 3472 Alexandri
650 3420 707 3471 est.
732 3408 924 3471 Incredibile
935 3422 1041 3472 autem
1057 3423 1115 3488 est,
1126 3409 1213 3495 quod
1230 3433 1303 3496 pars

349 3511 403 3573 illa
428 3513 528 3597 possit
554 3511 696 3575 obtinere
722 3524 753 3574 et
785 3510 957 3595 praevalere
983 3533 1041 3598 per
1065 3512 1221 3574 hominem
1249 3512 1301 3574 cui

346 3613 473 3696 justitia
492 3613 591 3688 deest,
606 3613 657 3676 cui
683 3612 841 3675 Dominus
863 3613 1069 3679 adversatur:
1100 3636 1153 3677 eos
1173 3614 1299 3677 veroin

351 3714 461 3775 humili
485 3736 559 3776 casu
583 3713 795 3798 praevaluisse,
817 3718 928 3776 crebra
950 3716 1117 3779 recolimus
1138 3716 1301 3792 relatione,

350 3835 431 3896 quos
455 3814 619 3875 Gallicana
641 3816 805 3898 recepiret
828 3814 909 3878 fovit
933 3816 1073 3893 ecclesia,
1089 3830 1119 3880 et
1143 3817 1299 3880 infelicem

339 3909 470 3973 exitum
494 3932 602 3973 eorum
627 3935 708 3997 quos
725 3914 925 3976 Teutonicus
948 3915 1087 3999 impetus
1110 3914 1300 3979 introduxit.

343 4011 401 4075 Sic
427 4013 633 4077 obtinuerunt
658 4016 856 4099 temporibus
878 4016 995 4079 nostris
1019 4017 1223 4079 Innocentius
1244 4016 1300 4079 ad-

345 4136 455 4176 versus
468 4118 608 4188 Petrum,
619 4114 767 4178 Calixtus
778 4116 932 4179 adversus
946 4117 1137 4189 Burdinum,
1149 4118 1300 4180 Urbanus

344 4214 1296 4301 adversusWiberturn,paschalisadversustres‚Albertum‚

343 4317 1296 4400 Maginulfum‚Tlreotloricurn,etmultisimiliteriudiebus

343 4432 480 4502 patrum.
527 4418 628 4480 Nobis
648 4439 723 4499 ergo
743 4419 909 4502 provideat
930 4420 1076 4502 dignatio
1096 4430 1210 4493 vestra,
1229 4440 1295 4481 res-

342 4533 490 4605 trnmque
520 4521 550 4582 in
578 4536 699 4604 partem
730 4518 814 4581 illam
846 4522 935 4582 Deus
965 4521 1093 4583 inclinet
1120 4542 1293 4595 assensum,

342 4642 415 4702 qum
431 4621 566 4704 justitia>
587 4636 618 4684 et
641 4621 764 4684 veritati
781 4621 939 4695 inuititur,
956 4637 987 4684 et
1005 4621 1134 4684 Christo
1152 4622 1294 4706 propitio

341 4718 563 4806 triumphabit,
590 4735 621 4785 et
652 4726 691 4786 ai
710 4723 800 4785 vobis
827 4721 941 4806 placet,
968 4724 1008 4785 in.
1032 4737 1121 4788 tanto
1152 4723 1294 4809 periculo

339 4823 435 4885 totius
461 4823 598 4885 ecclesie
622 4824 762 4898 Domini,
788 4823 943 4887 utendum
971 4838 1018 4888 est
1045 4825 1136 4889 vobis
1162 4824 1294 4888 consiliu
