3300 6434
286 1250 482 1331 two—66]
668 1265 845 1312 seurota.
1169 1247 1232 1307 217

285 1420 386 1486 fertus
410 1433 443 1485 et
468 1418 583 1486 litteris
614 1417 831 1501 Hieronymus
860 1414 891 1478 iu
920 1412 1063 1497 praefatis
1091 1411 1234 1498 apicibus

285 1524 401 1610 tangit,
427 1521 513 1608 apud
540 1518 702 1585 Valerium
728 1516 910 1580 Maximum
936 1515 1094 1600 reperitur
1119 1513 1150 1577 in
1178 1514 1233 1579 lib.

287 1629 317 1689 3.
344 1645 413 1708 cap.
442 1628 467 1687 l.
496 1617 610 1684 Titulo
636 1618 676 1682 de
702 1616 927 1681 moderatione.
981 1614 1110 1679 Accidit
1139 1612 1236 1690 enim,

287 1737 322 1788 ut
353 1721 461 1798 refert,
484 1718 573 1807 quod
603 1741 622 1783 a
651 1717 861 1805 piscatoribus
889 1715 922 1779 in
953 1712 1080 1779 Milesia
1109 1713 1238 1797 regione

287 1820 496 1887 everriculum
534 1820 748 1896 trahentibus,
782 1817 914 1905 quidam
946 1818 1070 1902 jactum
1108 1827 1238 1879 eruerat.

289 1926 445 1988 Extracta
475 1922 602 1986 demum
634 1920 740 2005 magni
776 1920 926 2007 ponderis
955 1940 1051 1984 aurea
1081 1916 1239 2003 Delphica

289 2048 407 2100 mensa,
443 2037 514 2089 orta
554 2022 766 2088 controversia
801 2035 862 2100 est,
898 2020 960 2085 illis
1001 2044 1033 2084 se
1073 2033 1238 2103 capturam

290 2127 424 2214 piscium
440 2126 619 2191 vendidisse
634 2123 874 2202 affirmantibus,
885 2123 946 2186 hoc
960 2145 977 2187 e
991 2120 1241 2186 contradicente

291 2253 324 2294 se
345 2230 456 2293 emisse
481 2228 641 2293 duntaxat
665 2226 825 2290 fortunam
843 2226 970 2310 jactus..
1007 2222 1133 2287 Audita
1154 2245 1241 2309 quae-

293 2331 393 2396 stione
407 2330 548 2418 populus
569 2328 717 2407 civitatis,
734 2339 865 2415 propter
884 2328 1056 2392 novitatem
1072 2340 1104 2391 et
1120 2325 1241 2412 magni-

292 2432 434 2498 tudinem
466 2432 522 2512 rei,
550 2454 678 2496 causam
715 2430 756 2494 ad
793 2430 1056 2494 consultationem
1091 2430 1241 2515 Delphici

294 2534 456 2622 Apollinis
481 2535 605 2599 censuit
628 2534 837 2598 referendam.
888 2532 1065 2597 Consultus
1092 2555 1167 2598 vero
1196 2556 1244 2597 re·

293 2638 421 2724 spondit
447 2638 476 2702 ei
502 2638 640 2702 dandam
666 2658 747 2713 esse,
771 2636 828 2723 qui
853 2658 961 2700 omnes
984 2635 1063 2700 alios
1088 2635 1244 2722 sapientia

292 2738 504 2815 antecederet,
528 2738 669 2824 alioquin
696 2736 863 2823 accipienti
890 2735 1097 2822 injucundam
1122 2737 1188 2802 sore
1211 2749 1244 2803 et

294 2842 432 2908 noxiam.
479 2842 595 2928 Itaque
616 2840 692 2926 quia
713 2838 834 2903 Thales
853 2838 1001 2903 Milesius
1017 2839 1142 2924 judicio
1156 2839 1246 2906 audi-

296 2959 414 3025 torum,
428 2945 511 3007 inter
533 2956 666 3027 septem,
685 2964 767 3028 quos
787 2955 865 3006 tunc
886 2964 953 3027 prae
975 2943 1097 3006 caeteris
1120 2943 1248 3011 Graecia

296 3045 488 3120 celebrabat,
504 3043 755 3129 sapientissimus
769 3042 958 3119 habebatur,
974 3042 1246 3110 denunciaverunt

297 3149 338 3226 ei,
366 3162 402 3213 ut
427 3149 494 3234 jorn
526 3147 621 3212 dictae
649 3169 766 3210 mensae
795 3146 1022 3233 possessionem
1052 3145 1166 3224 adiret,
1190 3148 1248 3233 qui

297 3248 408 3315 audita
436 3246 676 3312 consultationis
705 3247 809 3311 forma
834 3261 866 3312 et
896 3270 1045 3333 responso
1075 3247 1247 3333 Apollinis,

296 3350 448 3439 prudenti
473 3350 665 3426 humilitate,
690 3373 753 3415 non
781 3373 824 3431 se,
847 3349 901 3414 scd
930 3350 1020 3414 Biam
1044 3352 1247 3435 Pyrenaeum,

297 3454 380 3519 dixit
405 3454 566 3540 Apollinis
585 3452 715 3516 oraculo
740 3452 954 3537 designatum.
999 3451 1121 3515 Aditus
1147 3463 1248 3516 estet

296 3556 356 3621 iste
371 3556 470 3641 priori
481 3553 635 3629 similiter,
648 3568 679 3618 et
695 3554 726 3617 in
739 3553 876 3617 eundem
889 3551 1018 3615 modum
1035 3552 1249 3618 conditionem

297 3658 329 3720 in
349 3655 571 3740 Mitylenaeum
600 3655 760 3718 Pittacum
788 3653 966 3731 transtulit,
990 3652 1117 3718 interim
1142 3677 1251 3722 mensa

295 3758 421 3843 jacente
446 3756 479 3819 in
504 3753 626 3834 sabulo,
650 3767 681 3818 ct
709 3767 841 3841 propter
865 3753 1037 3818 novitatem
1063 3767 1197 3821 eventus
1218 3769 1252 3824 et

298 3856 546 3921 moderationem
569 3857 761 3943 sapientum,
783 3871 815 3920 ct
839 3859 916 3942 quia
938 3857 1045 3923 nullus
1066 3859 1107 3922 de
1129 3858 1251 3947 populo

300 3959 515 4046 praesumebat
533 3959 683 4025 invadere
698 3982 822 4037 aurum,
845 3959 931 4047 quod
955 3983 975 4023 a
990 3984 1022 4025 se
1038 3974 1127 4026 tanto
1143 3962 1251 4026 studio

299 4061 522 4150 sapientissimi
548 4085 580 4126 se
604 4063 819 4141 removebant,
844 4086 951 4128 casum
980 4063 1067 4128 hunc
1095 4086 1158 4127 non
1185 4077 1249 4129 tam

298 4164 474 4230 mirabilem
512 4187 607 4249 quam
647 4165 852 4252 stupendum,
889 4164 1001 4228 talium
1038 4168 1252 4249 praeconatrix

301 4267 387 4332 fama
411 4267 504 4351 longe
529 4270 659 4353 lateque
687 4267 842 4352 vulgavit.
888 4267 1002 4329 Mensa
1023 4265 1132 4352 itaque
1156 4268 1253 4333 famo

302 4368 424 4432 sissima
438 4368 524 4431 facta
538 4378 597 4444 est,
613 4368 691 4430 dum
707 4368 747 4431 ad
772 4366 912 4452 singulos
929 4368 1115 4453 Sapientum
1132 4384 1253 4457 septem

302 4470 347 4533 sic
373 4468 473 4554 ipsius
495 4468 686 4553 procedebat
712 4467 843 4544 oblatio,
866 4469 966 4532 donec
988 4483 1118 4533 ventum
1141 4485 1188 4536 est
1211 4474 1253 4539 ad

304 4570 461 4648 Solonem,
488 4570 546 4655 qui
570 4583 602 4634 et
627 4569 759 4634 titulum
789 4569 996 4655 amplissimae
1024 4570 1198 4656 sapientia,
1220 4590 1253 4641 et

303 4695 421 4739 rnunus
439 4672 582 4737 oblatum
608 4673 744 4737 contulit
769 4673 801 4736 in
828 4671 1024 4758 Apollinem,
1049 4674 1079 4736 in
1109 4697 1176 4760 quo
1199 4678 1254 4742 Sol

303 4775 429 4851 colitur,
459 4776 536 4861 quia
561 4775 667 4838 omnia
697 4774 943 4861 contemplatur,
968 4789 1001 4840 et
1030 4776 1121 4861 cujus
1152 4777 1255 4845 virtus

302 4877 395 4963 ignea
421 4877 464 4942 sic
490 4890 634 4964 penetrat
661 4880 817 4956 universa,
844 4892 881 4943 ut
904 4875 931 4942 ei
957 4877 1036 4943 nibil
1064 4879 1163 4964 possit
1188 4904 1255 4947 cese
