3300 6434
413 1207 451 1268 lt
668 1214 804 1259 cornuis
819 1214 1097 1260 sanasannrnusrs
1267 1201 1310 1279 [A.
1329 1219 1359 1262 n.

410 1391 486 1436 vero
500 1366 649 1454 precibus
661 1365 782 1430 domini
799 1368 882 1450 regis
897 1389 1001 1445 causa,
1017 1380 1188 1454 antequam
1204 1370 1360 1434 sententia

409 1470 559 1544 ferretur,
586 1467 698 1533 sortita
723 1479 771 1531 est
794 1466 991 1532 dilationem.
1040 1469 1135 1533 Unde
1165 1474 1359 1535 memoratus

410 1570 569 1635 Ricardus
583 1579 722 1634 nostram
743 1567 938 1633 audientiam
961 1570 1149 1656 appellavit:
1173 1569 1236 1633 illis
1250 1585 1358 1636 autem

408 1672 460 1737 die
484 1673 616 1760 praefixa
640 1672 824 1757 conspectui
851 1685 960 1734 nostro
984 1673 1174 1752 astantibus,
1200 1672 1358 1738 Ricardus

406 1774 640 1839 restitutionem
652 1773 719 1859 jam
730 1770 826 1835 dictos
841 1771 980 1839 ecclesias
992 1788 1114 1859 petens,
1124 1773 1355 1861 querimoniam

406 1874 609 1951 instauravit,
629 1873 807 1959 producens
830 1885 894 1937 tres
917 1888 1023 1952 testes,
1046 1877 1103 1960 qui
1126 1878 1208 1939 sicut
1232 1877 1262 1940 in
1287 1877 1358 1940 foro

406 1975 557 2063 episcopi,
586 1976 631 2040 ita
659 1988 692 2040 at
723 1978 754 2039 in
781 1975 946 2040 audientia
972 1989 1080 2040 nostra
1107 2000 1179 2041 eum
1208 1980 1357 2043 canonice

405 2079 600 2155 institutum,
623 2091 657 2142 et
677 2078 743 2141 sine
761 2076 887 2164 judicio
910 2079 1045 2163 ejectum
1071 2080 1261 2143 asserebant.
1308 2084 1357 2146 Ad

405 2180 474 2245 heo
489 2180 571 2246 Rad.
588 2180 675 2265 quod
691 2179 722 2243 in
739 2181 907 2263 prasentia
924 2183 1062 2266 episcopi
1082 2194 1209 2265 gestum
1233 2198 1280 2248 est
1296 2183 1355 2246 sibi

404 2304 466 2346 non
483 2282 598 2345 debere
613 2282 722 2344 obesse
736 2280 912 2363 respondit,
928 2305 1030 2366 quum
1046 2296 1077 2347 et
1098 2284 1166 2368 ipse
1189 2299 1262 2349 ante
1277 2284 1356 2348 dila-

403 2384 523 2449 tionem
548 2382 711 2459 meruerit,
736 2394 768 2444 et
795 2379 851 2444 illo
874 2382 1004 2447 absente
1030 2384 1194 2469 saepedicti
1218 2386 1285 2451 Ric.
1313 2387 1354 2449 ab

404 2484 555 2571 episcopo
577 2482 745 2547 inciviliter
771 2486 812 2547 sit
834 2497 962 2569 recepta
983 2486 1141 2572 probatio.
1188 2485 1256 2551 lllis
1278 2511 1354 2573 ergo

403 2584 609 2661 instantibus,
623 2597 657 2649 ut
672 2606 693 2647 a
707 2584 799 2650 nobis
813 2608 851 2649 eo
866 2600 1021 2671 praesentc
1032 2600 1064 2651 et
1079 2586 1228 2651 audiente
1243 2611 1352 2651 eorum

403 2688 552 2777 probatio
576 2688 782 2773 reciperetur,
807 2688 890 2753 Rad.
918 2689 1046 2753 duobus
1071 2689 1199 2753 testium
1223 2688 1355 2752 crimina

401 2792 435 2855 in
445 2790 576 2854 modum
586 2790 779 2874 exceptionis
787 2791 949 2875 opposuit,
961 2792 1108 2871 alterum,
1119 2791 1244 2857 scilicet
1255 2814 1354 2855 sacer-

402 2892 522 2969 dotem,
536 2890 643 2955 dicens
658 2891 806 2956 infamem
827 2914 984 2978 reumque
1004 2892 1179 2969 homicidii,
1195 2908 1227 2957 et
1242 2891 1352 2956 falsifi-

401 2994 533 3060 cationis
562 3006 708 3070 monctoe,
740 2994 915 3081 multisque
944 2996 1119 3059 latrociniis
1148 2994 1348 3059 involutum:

400 3095 535 3160 alterum
551 3116 627 3160 vero
650 3095 815 3160 Andream
838 3096 997 3181 acolytum
1014 3118 1083 3160 esse
1097 3097 1231 3161 asseruit
1248 3097 1350 3159 homi-

401 3198 520 3263 cidamc
557 3197 687 3263 tertium
717 3220 792 3261 vero
824 3196 955 3283 reliquit
984 3198 1150 3260 intactum.
1202 3196 1251 3261 Ad
1285 3198 1351 3259 lraec

400 3324 531 3389 quoque
552 3300 682 3365 crimina
704 3298 941 3382 comprobanda
967 3297 1152 3362 dilationem
1174 3298 1234 3362 sibi
1260 3299 1352 3383 petiit

400 3403 570 3491 indulgeri.
616 3404 683 3467 Nos
704 3401 814 3488 itaque
837 3423 876 3464 ne
899 3422 960 3464 uon
984 3399 1125 3479 malitiae,
1147 3400 1201 3463 sed
1216 3400 1352 3484 justitiae

400 3528 494 3570 causa
515 3504 699 3572 dilationem
723 3515 832 3591 petere
854 3500 1028 3581 videretur,
1051 3501 1091 3565 ab
1115 3523 1152 3564 eo
1177 3501 1350 3586 legitimam

400 3607 565 3690 exegimus
579 3607 770 3683 cautionem,
786 3626 853 3692 qua
868 3602 959 3668 nobis
981 3602 1077 3667 fidem
1093 3603 1223 3678 faceret,
1240 3624 1272 3665 se
1288 3625 1350 3666 non

399 3704 506 3769 animo
525 3704 729 3789 malignandi,
744 3720 801 3771 aut
824 3706 1036 3771 frustratoria
1057 3704 1219 3769 dilationis
1240 3727 1352 3769 caussa

400 3825 468 3869 eam
480 3802 653 3890 postulare.
699 3808 808 3878 Quum
818 3828 894 3869 vero
904 3832 923 3871 a
933 3807 1024 3871 nobis
1035 3807 1197 3871 dilationis
1212 3807 1349 3893 spatium

398 3905 485 3971 ultra
499 3904 680 3968 canonicam
696 3918 727 3969 et
748 3906 924 3987 legitimam
947 3907 1177 3985 definitionem,
1200 3931 1297 3996 quarn
1320 3913 1350 3972 ei

399 4006 620 4088 offerebamus,
635 4006 779 4071 obtinere
795 4029 857 4070 non
872 4020 990 4093 posset,
1006 4008 1047 4072 ad
1062 4024 1197 4074 vestram
1214 4032 1350 4095 praesen-

400 4107 474 4173 tiam
485 4107 688 4194 appellavita
698 4108 802 4194 pridie
811 4107 873 4172 cal.
890 4107 1010 4194 Aprilis
1020 4112 1153 4196 praefixa
1168 4110 1349 4185 Dominica,

399 4232 465 4297 qua
474 4208 656 4273 cantabitur
668 4214 719 4276 Aa
732 4220 764 4275 te
778 4216 889 4276 lertaml
935 4215 1032 4276 Actor
1049 4236 1123 4277 vero
1138 4212 1178 4276 de
1194 4212 1348 4295 temporis

396 4311 580 4397 prolixitate
595 4327 745 4378 causatus
761 4314 934 4378 terminum
949 4316 1125 4381 coarctavit
1140 4314 1225 4379 diem
1235 4316 1349 4378 Pente-

399 4431 508 4483 costes.
