3300 6434
298 1263 404 1344 llud]
680 1276 859 1321 asarota.
1182 1260 1243 1319 att

292 1430 428 1495 estsere
450 1426 590 1516 quisuit.
651 1426 702 1490 De
725 1447 821 1489 causa
844 1423 1081 1489 cantuariensis
1102 1444 1166 1486 non
1188 1423 1246 1487 de·

292 1552 394 1617 spero,
406 1530 482 1616 quia
492 1528 559 1614 ipse
575 1525 796 1613 poenitentiam
808 1546 906 1608 agens
921 1545 1016 1609 super
1027 1521 1202 1587 commissis
1212 1523 1245 1587 in

294 1632 392 1709 curia,
407 1631 449 1694 de
464 1628 606 1694 Domino
621 1649 685 1693 non
700 1627 859 1714 desperat,
875 1648 935 1691 nee
957 1623 1058 1711 ponit,
1075 1636 1111 1689 ut
1124 1624 1247 1710 opinor,

294 1756 423 1799 carnem
435 1730 602 1796 brachium
614 1752 718 1797 suum.
754 1730 861 1796 Credo
871 1741 979 1794 autem
991 1727 1078 1815 quod
1089 1725 1248 1791 Dominus

293 1836 398 1901 adhuc
413 1855 597 1920 supremum
614 1832 792 1898 remedium
808 1833 925 1912 differt,
939 1830 1014 1918 quia
1037 1831 1178 1897 nondum
1199 1841 1249 1895 est

295 1938 383 2001 omni
399 1935 540 2001 humano
554 1936 671 2000 auxilio
687 1934 867 1999 destitutus.
904 1934 1008 1997 Vocat
1021 1953 1074 1995 me
1092 1930 1250 2015 Magister

296 2038 462 2117 Girardus,
477 2051 514 2103 ut
534 2039 621 2103 salva
642 2038 706 2102 fida
729 2037 875 2102 ecclesiae
901 2036 1057 2100 Romanae
1079 2034 1247 2109 Coloniam

297 2155 468 2223 transeam,
492 2142 548 2206 sed
578 2152 708 2206 auctore
734 2141 787 2225 pio
816 2140 905 2217 Jesu,
933 2160 990 2224 pro
1015 2138 1104 2203 nullo
1133 2148 1247 2224 questu

295 2266 411 2329 ponam
442 2264 516 2307 cum
553 2242 760 2308 schismaticis
788 2242 831 2307 ad
859 2241 1097 2306 subversionem
1134 2240 1248 2305 domus

295 2346 439 2428 Domini,
454 2345 630 2410 schismatis
645 2344 833 2431 portionem.
881 2343 990 2430 ipsum
1010 2355 1119 2408 tamen
1140 2343 1249 2408 Girar-

293 2448 372 2512 dum
388 2468 590 2534 nequaquam
605 2446 843 2512 schismaticum
858 2458 982 2532 reputo,
997 2446 1075 2533 quia·
1090 2444 1165 2510 fidei
1178 2444 1249 2530 ejus

294 2550 461 2636 perspicua
483 2559 595 2635 patent
617 2548 736 2613 indicia
750 2571 790 2614 ex
810 2548 925 2615 litteris
946 2549 1026 2635 ejus,
1041 2569 1177 2636 quarum
1192 2555 1250 2612 ‘re-

295 2653 448 2740 scriptum
478 2653 608 2717 domiuo
635 2653 784 2739 episcopo
812 2653 917 2732 mitto,
943 2659 1117 2740 suppresso
1138 2664 1248 2717 tamen

294 2757 431 2821 auctoris
452 2756 593 2831 nomine,
615 2777 655 2820 ne
677 2768 711 2820 et
733 2755 790 2832 illi,
814 2768 848 2820 et
869 2750 940 2821 aliis
960 2767 1085 2835 noceat,
1105 2754 1132 2819 si
1153 2754 1251 2821 fuerit

294 2857 506 2941 divulgatum.
554 2857 627 2921 Non
643 2856 755 2921 dubito
778 2858 858 2941 quin
874 2857 953 2920 mihi
976 2856 1248 2943 compateremini,

294 2958 320 3023 si
350 2970 519 3038 constaret,
548 2958 582 3020 in
611 2980 675 3042 qua
703 2956 916 3023 sollicitudine
946 2971 1104 3024 versatur
1124 2962 1249 3023 animus

297 3082 397 3141 meus,
411 3080 471 3124 nec
494 3072 601 3123 tamen
626 3059 766 3126 Domino
786 3069 878 3136 teste,
902 3082 960 3145 pro
982 3081 1046 3137 me,
1066 3059 1142 3123 licet
1163 3061 1249 3144 apud

295 3161 480 3228 duricordes
506 3159 660 3240 habitem,
686 3174 843 3247 quantum
871 3185 927 3249 pro
952 3161 1064 3227 amicis
1089 3160 1250 3241 sollicitor,

297 3263 460 3350 quiamihi
469 3261 576 3351 quoad
585 3264 1048 3344 me,sufficeretcommercium
1059 3263 1248 3341 litterarum,

296 3364 356 3430 nisi
373 3375 523 3449 urgerent
537 3374 571 3428 et
592 3362 645 3427 alii
667 3386 802 3450 qnorum
823 3378 948 3451 oportet
969 3386 1023 3428 me
1042 3362 1251 3450 necessitudi->

297 3466 391 3532 nibus
413 3465 659 3530 communicare.
717 3466 753 3529 Si
778 3465 917 3543 nescitis,
944 3465 1074 3549 Belgica
1098 3463 1249 3547 semunda,

296 3588 370 3654 quae
399 3566 495 3629 modo
528 3563 702 3626 Remorum
734 3562 861 3643 dieitur,
886 3563 919 3626 in
949 3563 1088 3651 antiquis
1112 3562 1250 3631 historiis

295 3664 458 3753 provincia
484 3660 712 3727 Duricordium
735 3663 925 3749 appellatur,
946 3663 1022 3730 licet
1043 3664 1250 3732 habita-con·

296 3766 504 3852 temptatione
545 3765 757 3852 quorumdam
799 3766 897 3853 possit
932 3782 967 3834 et
1008 3767 1248 3836 Mollicordiutn

296 3868 460 3957 appellari.
495 3869 622 3956 ¹Neque
638 3868 724 3934 enirn
739 3869 952 3937 duricordiam
972 3873 1249 3961 archiepiscopi-at

297 3995 425 4040 suorum
447 3973 628 4060 quisquam,
647 3972 834 4040 familiarius
854 3976 1020 4054 accedens,
1043 3975 1250 4061 probabiliter

295 4099 428 4163 arguare
443 4078 568 4163 poterit.
616 4078 681 4143 Sed
695 4079 766 4165 quis
788 4101 898 4166 quaeso
913 4089 1090 4143 nostratum
1113 4088 1147 4142 et
1160 4083 1247 4168 vete-

295 4203 366 4246 rum
383 4181 557 4247 amicornm
568 4182 609 4246 de
623 4192 721 4266 gente
734 4181 961 4245 Duricordium
971 4179 1248 4246 non'convincitur

294 4280 387 4345 esse?
416 4283 547 4363 Dicam,
565 4283 651 4367 quod
676 4281 808 4346 fortasse
832 4303 895 4346 non
918 4280 1056 4358 creditis,
1078 4282 1133 4347 sed
1161 4287 1247 4347 carte

297 4405 409 4449 verum
423 4396 481 4450 est.
529 4384 631 4449 Filius
653 4384 799 4468 Magistri
821 4384 976 4450 Gaufredi
998 4384 1076 4449 mihi
1096 4385 1248 4450 coexiila·

297 4486 342 4551 vit
356 4485 519 4551 mensibus
529 4497 615 4567 octo,
625 4486 680 4551 scd
696 4507 796 4573 quum
812 4488 943 4553 adeum
955 4487 1086 4552 nuntius
1100 4508 1191 4552 meus
1205 4486 1248 4552 ab

296 4589 445 4676 episcopo
458 4588 592 4654 Neruio:
605 4601 638 4653 et
646 4589 762 4654 abbate
771 4591 872 4655 sancti
886 4590 1049 4654 Edmundi
1058 4587 1246 4668 divertisset,

294 4692 510 4779 profectonec
524 4712 604 4756 unas
625 4691 666 4755 ad
688 4706 740 4755 me
762 4690 919 4757 litterulas
941 4691 1048 4779 potuit
1064 4692 1246 4778 impetrare.

294 4795 360 4861 Scit
370 4805 479 4860 tamen
496 4794 665 4872 Dominus,
677 4796 753 4880 quia
763 4794 843 4860 nihil
855 4797 896 4861 ab
911 4796 1019 4883 aliquo
1029 4809 1138 4861 eornm
1153 4786 1244 4883 petii,

297 4898 331 4962 in
346 4919 448 4985 eoque
461 4897 538 4962 mihi
553 4897 636 4963 bene
652 4908 759 4963 actum
773 4909 833 4982 ast,
844 4899 930 4985 quod
945 4898 1087 4965 nondum
1099 4898 1141 4964 ab
1156 4896 1246 4963 initio
