3300 6434
550 1194 614 1255 284
805 1206 945 1253 cossura
958 1202 1239 1253 menstruus
1412 1184 1465 1261 [a.
1485 1202 1524 1249 n.

551 1480 774 1547 EPISTOLA
806 1478 1077 1545 cmlxvi-sn
1100 1494 1247 1543 rrrorrsrr
1273 1492 1526 1542 cluanuama·

848 1598 928 1645 sarr.
974 1578 1020 1660 [a.
1036 1596 1069 1644 n.
1086 1576 1198 1659 nott]

707 1716 851 1779 Dosrs'm
866 1712 1111 1789 Oontnoriener',
1122 1712 1220 1779 Joos.
1236 1712 1342 1777 Suros.

590 1848 675 1912 Erst
696 1854 819 1911 certum
839 1845 883 1910 sit
903 1844 991 1931 qnod
1012 1844 1160 1930 episcopi
1179 1844 1223 1909 sd
1243 1843 1516 1913 inobedientiam

547 1948 652 2033 proni,
659 1956 693 2012 et
707 1956 850 2030 pastores
863 1956 1034 2030 pascentes
1048 1945 1183 2029 seipsos,
1191 1944 1248 2031 qni
1259 1966 1368 2010 amore
1378 1944 1518 2030 quietis

550 2060 583 2114 et
595 2050 703 2125 luxus,
718 2059 751 2112 et
764 2047 988 2133 temporalium
1003 2056 1091 2111 metu
1111 2044 1298 2111 damnorum
1318 2044 1422 2130 impio
1442 2049 1520 2112 im·

551 2149 705 2234 pietatem
719 2169 809 2213 suam
824 2146 1015 2213 annuntiare
1030 2147 1222 2226 detractant,
1231 2146 1273 2211 a'd
1287 2166 1416 2211 omnem
1429 2150 1523 2228 sub·

552 2252 729 2316 versionem
749 2249 844 2335 juris,
865 2257 899 2313 et
922 2248 1050 2331 singula
1070 2245 1261 2333 prrsjudicia
1281 2247 1521 2325 ecclesiarum,

553 2349 699 2417 dicentes
713 2350 819 2433 Euge,
834 2346 949 2433 Euge!
973 2370 1008 2415 se
1022 2349 1065 2414 de
1083 2361 1199 2415 cetero
1221 2348 1374 2414 adversus
1395 2352 1524 2415 omnia

552 2450 703 2515 mandata
716 2461 831 2528 vestra,
845 2459 881 2515 et
892 2451 989 2513 etiam
1005 2449 1199 2533 apostolicas
1215 2450 1411 2526 motiones,
1427 2472 1523 2534 qua·

552 2558 648 2612 tenus
662 2547 709 2610 eis
723 2546 934 2631 displicuerit,
948 2548 1010 2611 snb
1028 2556 1187 2630 praem
1200 2546 1426 2631 appellationis
1449 2572 1525 2614 ex·

553 2647 664 2712 hibita
674 2646 755 2711 tueri
769 2657 962 2732 proponant,
972 2644 1129 2729 expedire
1140 2658 1247 2710 umen
1258 2646 1403 2723 arbitror,
1414 2659 1452 2710 ut
1466 2651 1526 2714 de

553 2747 666 2810 vestris
680 2745 888 2828 suffraganeis
903 2746 1009 2809 statim
1024 2747 1050 2809 si
1067 2744 1136 2808 fieri
1152 2755 1269 2827 potest,
1284 2746 1407 2829 aliquos
1432 2769 1524 2812 evo.

554 2847 644 2926 cetis,
657 2848 706 2909 rel
722 2846 885 2910 audituros
902 2847 1023 2909 domini
1046 2867 1139 2930 papa
1159 2846 1357 2919 mandatum,
1372 2858 1428 2909 aut
1453 2870 1523 2911 vo-

554 2950 679 3014 biscum
703 2948 744 3012 de
767 2959 852 3012 statu
872 2948 1113 3012 cantuariensis
1134 2949 1281 3012 ecclesiae
1304 2959 1522 3027 tractaturos,

556 3060 610 3116 aut
634 3051 698 3115 alin
718 3050 917 3114 evocationis
941 3070 1051 3114 eorum
1074 3070 1172 3113 causa
1193 3049 1367 3132 proposita,
1394 3049 1421 3112 si
1444 3072 1524 3134 qua

555 3150 649 3216 vobis
662 3163 696 3215 et
710 3151 760 3214 his
774 3152 831 3234 qui
843 3151 1006 3214 vobiscum
1020 3163 1106 3229 sunt,
1116 3152 1290 3215 occurrerit
1299 3151 1522 3217 commodior.

556 3253 662 3325 Quum
669 3253 753 3316 enim
755 3251 822 3335 jam
830 3253 1162 3336 appellaverint,quod
1169 3251 1368 3336 sortassejam
1376 3252 1524 3318 domino

556 3374 650 3436 papa
664 3352 881 3434 significatum
895 3364 955 3430 est,
970 3364 1002 3416 et
1016 3353 1051 3416 in
1065 3354 1215 3417 omnibus
1230 3353 1296 3434 regi
1312 3374 1370 3416 suo
1385 3354 1522 3418 obtern-

555 3465 679 3536 perant,
693 3474 759 3517 non
775 3453 868 3517 video
881 3454 921 3517 de
936 3464 1052 3518 caetero
1069 3475 1167 3538 quare
1184 3456 1380 3538 colloquium
1398 3475 1520 3521 eorum

557 3567 703 3638 oporteat
724 3555 845 3631 evitari,
862 3556 919 3618 sed
935 3577 1040 3639 neque
1060 3557 1153 3636 regis.
1200 3555 1305 3619 Credo
1321 3556 1406 3619 enim
1422 3559 1521 3640 quod

557 3667 643 3718 metu
657 3657 776 3718 laboris
791 3678 886 3739 quem
908 3658 1041 3720 subituri
1064 3669 1150 3734 sunt,
1164 3668 1197 3721 et
1218 3672 1402 3741 sumptuum
1426 3679 1521 3740 quos

558 3757 800 3826 retentanetob
807 3758 1040 3822 imminentium
1051 3759 1471 3841 periculoruminstantiam,
1478 3772 1522 3824 et

559 3852 691 3916 dubium
712 3874 817 3917 causae
838 3866 997 3930 eventum,
1014 3861 1088 3940 paci
1102 3860 1260 3934 ecclesia,
1275 3869 1307 3921 et
1322 3859 1520 3924 reconcilia-

555 3954 637 4018 tioni
652 3966 763 4017 restra
782 3954 1013 4035 diligentiorem
1036 3977 1162 4039 operam
1188 3959 1329 4035 dabunt3
1352 3959 1428 4043 quia
1446 3982 1517 4025 nec

555 4078 653 4121 unum
674 4078 783 4120 eorum
805 4058 919 4140 opinor
940 4058 1091 4135 inveniri,
1106 4081 1200 4143 quern
1223 4073 1271 4124 tot
1292 4073 1325 4125 et
1345 4072 1513 4125 tantarum

558 4157 857 4222 incommoditatum
879 4158 1046 4242 dispendia
1067 4161 1173 4223 subire
1193 4181 1258 4224 non
1278 4162 1396 4246 pigeat.
1418 4162 1519 4227 Etsi

559 4259 828 4323 transfretaverint
855 4260 987 4324 fortasse
1017 4261 1179 4326 mediante
1207 4263 1409 4347 imperatrice
1442 4284 1517 4346 pax

560 4360 705 4425 ecclesiae
735 4361 964 4438 reformabitur,
988 4376 1043 4426 aut
1072 4361 1214 4427 Domino
1243 4364 1382 4447 propitio
1412 4385 1520 4429 causa

559 4463 703 4526 vestrain
713 4463 836 4525 meliori
848 4464 971 4526 calculo
986 4464 1190 4547 relinquetur.
1221 4467 1325 4528 Instat
1333 4465 1419 4529 enim
1429 4476 1514 4528 tem·

562 4586 633 4646 pus,
650 4574 685 4627 ut
699 4566 798 4643 aiunt,
814 4586 878 4649 quo
895 4565 1014 4649 Aquila
1028 4565 1112 4648 rupti
1122 4565 1264 4643 frederis,
1272 4564 1368 4649 juxta
1378 4566 1518 4630 Merlini

561 4665 757 4744 vaticinium,
780 4667 912 4729 fraenum
935 4666 1122 4729 deauratura
1148 4679 1206 4743 est,
1229 4666 1316 4750 quod
1338 4689 1415 4750 apro
1437 4667 1511 4750 ejus

563 4763 667 4842 datur,
685 4779 740 4830 aut
757 4767 852 4831 modo
875 4767 1048 4833 fabricatur
1067 4769 1100 4830 in
1123 4769 1193 4831 sinu
1216 4770 1390 4833 Armorico.
1428 4768 1517 4835 Nam
