3300 6434
345 1239 541 1323 llas-61]
733 1255 914 1300 srrsroas.
1260 1234 1297 1293 st

344 1424 408 1489 tus,
420 1410 445 1473 si
457 1424 627 1495 antequam
641 1406 785 1491 egrediar
800 1402 994 1489 spatientiae
1007 1401 1114 1467 labore
1124 1402 1165 1467 ad
1178 1421 1298 1486 pacem,

344 1509 444 1575 filium
472 1510 559 1596 pacis
582 1507 660 1571 mihi
684 1506 793 1589 videre
813 1503 937 1569 dederit
962 1502 1128 1568 Christum
1157 1499 1298 1566 Domini.

345 1610 411 1675 Det
433 1611 510 1675 mihi
535 1608 684 1674 Christus
706 1606 814 1671 videre
831 1604 995 1669 Christum
1011 1625 1116 1680 suum,
1131 1616 1163 1667 et
1185 1601 1301 1666 exinde

344 1713 439 1776 morti
459 1709 642 1798 properanti
662 1705 923 1795 gratulabundus
942 1728 1118 1770 occurram.
1152 1706 1301 1789 Expecto

345 1812 377 1876 in
388 1836 443 1899 spe
455 1814 528 1890 ista,
538 1825 569 1877 et
582 1811 700 1876 crebris
710 1810 798 1898 apud
811 1832 862 1873 me
871 1809 944 1872 dico
953 1808 1112 1895 suspiriis:
1133 1806 1301 1894 Numquid

345 1934 406 1976 non
430 1911 521 1976 dabit
543 1911 620 1975 mihi
646 1910 794 1975 Christus
810 1932 911 1985 meus,
927 1923 962 1974 nt
987 1906 1119 1984 rideam,
1136 1931 1230 1995 quem
1247 1908 1302 1972 de-

346 2011 496 2077 sideranti
525 2011 614 2077 dedit
643 2012 796 2096 inungere
823 2009 1013 2075 Christum?
1047 2009 1214 2096 Numquid
1238 2031 1300 2072 non

347 2113 464 2177 videbo
479 2112 580 2178 filium
596 2114 738 2178 dexteras
752 2134 772 2175 a
786 2111 950 2176 laboribus
965 2124 1207 2196 temperantem,
1224 2122 1301 2173 tem-

346 2228 508 2301 perantem
535 2238 555 2278 a
580 2213 740 2301 periculis,
763 2228 933 2300 antequam
962 2213 1101 2277 moriar?
1135 2214 1195 2276 Est
1223 2211 1301 2275 mihi

346 2317 433 2381 domi
454 2317 560 2382 adhuc
582 2316 752 2382 thesaurus
773 2314 1041 2401 incomparabilis,
1059 2315 1227 2379 thesaurus
1246 2335 1304 2399 pa·

347 2429 445 2481 terum
460 2416 699 2495 benedictionis,
713 2438 809 2501 quem
826 2415 915 2479 robis
931 2437 1069 2492 reservo,
1082 2414 1108 2478 si
1122 2414 1162 2478 ad
1179 2428 1302 2500 patrem

281 2559 293 2575 .
346 2530 491 2602 agentem
503 2517 534 2581 in
547 2518 698 2582 extremis
708 2518 858 2602 majestas
867 2530 972 2581 vestra
983 2512 1134 2601 dignetur
1145 2515 1302 2581 accedere.

349 2618 510 2684 Constitui
523 2642 576 2683 vos
586 2622 619 2683 in
631 2631 728 2704 caput
740 2619 897 2703 gentium,
909 2619 1020 2682 matris
1032 2631 1155 2693 vestras,
1168 2616 1305 2703 pedibus

348 2719 461 2784 vestris
472 2718 607 2806 subjecti
622 2718 715 2799 filios,
726 2732 760 2784 et
775 2720 881 2785 adhuc
892 2718 1022 2805 quidem
1033 2720 1075 2784 de
1086 2721 1306 2806 promptuario

348 2822 462 2906 gratiae
494 2822 656 2909 plenioris,
685 2822 763 2886 dum
794 2822 933 2887 audiatis
967 2821 1162 2888 vocationem
1192 2821 1306 2902 Patris,

345 2924 515 3011 adjicietur
526 2925 617 2990 vobis
634 2924 675 2987 de
685 2946 757 2988 rore
769 2924 842 2989 coeli
857 2925 1005 3012 desuper,
1012 2938 1044 2989 et
1057 2924 1098 2988 de
1110 2925 1305 3011 pinguedine

350 3037 445 3089 terrae
460 3023 638 3088 benedictio
652 3024 827 3089 cumulata.
867 3025 959 3103 Quod
975 3024 1001 3088 si
1021 3025 1126 3091 redire
1141 3048 1203 3089 non
1220 3025 1305 3102 licet,

351 3124 400 3189 vel
416 3147 478 3189 non
495 3125 610 3208 placet,
622 3125 806 3190 thesaurum
819 3126 905 3191 hunc
917 3126 1007 3190 robis
1020 3126 1253 3192 restituendum
1265 3128 1307 3192 ab

350 3227 492 3305 ecclesia,
507 3226 582 3291 fidei
603 3226 708 3312 ipsius
729 3226 926 3309 commendo,
947 3240 979 3291 et
1001 3250 1057 3292 vos
1078 3229 1309 3305 commendavi,

351 3341 382 3392 et
403 3328 503 3414 ipsam
525 3328 615 3392 robis
637 3350 705 3392 esse
727 3327 874 3392 desidero
894 3327 1157 3394 commendatam.
1201 3332 1308 3393 Mater

351 3442 455 3494 vestra
474 3442 534 3506 est,
549 3452 665 3515 sponsa
681 3429 802 3495 Christi
824 3443 884 3507 est,
900 3442 931 3494 et
955 3433 1068 3516 quovis
1085 3429 1261 3514 gloriosior,
1276 3441 1307 3493 et

352 3529 512 3614 potentior
533 3530 728 3614 principatu,
752 3551 807 3592 nec
830 3529 981 3593 adversus
1003 3551 1071 3593 eam
1094 3541 1196 3615 portoe
1217 3530 1308 3595 inseri

352 3630 583 3716 prevalebunt.
611 3631 746 3716 Accepit
769 3654 787 3693 a
809 3632 939 3695 Christo
963 3654 1032 3709 suo,
1057 3644 1093 3697 ut
1119 3631 1205 3713 illuc,
1227 3655 1309 3720 quos

353 3730 539 3807 decreverit,
564 3729 653 3793 nullo
677 3728 868 3815 prohibente
892 3730 1049 3808 intrudat,
1071 3746 1104 3798 et
1127 3732 1201 3798 inde
1225 3755 1309 3819 quos

354 3830 489 3896 voluerit
510 3844 658 3916 potenter
672 3831 787 3917 ejiciat.
819 3832 852 3897 Si
875 3831 987 3910 vultis,
1003 3837 1100 3899 immo
1119 3834 1197 3921 quia
1211 3836 1310 3901 vultis

355 3932 519 4000 Christum
548 3932 664 3997 habere
690 3931 878 4019 propitium,
900 3955 1046 4020 sponsam
1070 3938 1140 4022 ejus
1164 3952 1310 4023 quaeest

353 4034 495 4113 ecclesia,
504 4035 597 4120 cujus
605 4047 636 4100 et
649 4035 720 4120 ipse
729 4048 826 4123 caput
837 4049 896 4111 est,
906 4035 959 4100 illa
969 4038 1052 4101 enim
1062 4040 1176 4125 capitis
1184 4062 1311 4125 corpus,

354 4134 510 4202 studeatis
539 4136 656 4201 habere
685 4138 867 4224 propitiam.
906 4139 988 4201 Nam
1016 4139 1067 4202 cui
1093 4139 1183 4205 deest
1207 4140 1312 4225 gratia

354 4239 503 4319 ecclesiae,
519 4252 586 4306 tota
601 4241 737 4304 creatrix
755 4239 897 4305 Trinitas
911 4238 1106 4307 adversatur.

400 4341 585 4424 Suggerunt
606 4340 696 4403 vobis
716 4340 774 4403 filii
789 4339 898 4404 saeculi
919 4340 1027 4426 hujus,
1043 4351 1080 4405 ut
1099 4342 1238 4407 eecleeiae
1254 4344 1312 4408 mi·

355 4439 462 4503 nuatis
477 4439 710 4516 auctoritatem,
726 4450 762 4502 ut
777 4440 868 4505 robis
883 4441 971 4524 regia
991 4441 1131 4526 dignitas
1145 4454 1316 4528 augeatur.

357 4541 453 4608 Certe
483 4554 620 4605 vestram
651 4539 841 4626 impugnant
872 4542 1080 4627 majestatem,
1105 4558 1137 4610 et
1166 4544 1313 4632 indigna-

358 4642 475 4707 tionem
493 4642 623 4706 Domini
639 4659 824 4728 procurant,
839 4643 1036 4730 quicumque
1051 4660 1124 4712 sunt
1141 4647 1199 4712 illi.
1238 4651 1312 4736 lpse

357 4757 404 4808 est
427 4744 484 4829 qui
507 4743 650 4809 dilatavit
678 4747 830 4810 terminos
852 4758 984 4826 vestros,
1006 4747 1074 4834 ipse
1096 4751 1152 4836 qui
1176 4764 1312 4818 vestram

357 4844 508 4931 provexit
523 4844 667 4930 gloriam.
712 4847 851 4912 Omnino
872 4847 1018 4936 iniquum
1034 4864 1082 4916 est
1106 4852 1131 4915 si
1148 4875 1204 4917 vos
1222 4854 1315 4920 bene-

403 4968 475 5013 vor..
493 4967 517 5012 1.
826 4969 847 5014 o
