3300 6434
350 1245 545 1321 1159-61]
729 1257 906 1303 srrsrons.
1252 1233 1296 1303 ot

344 1412 431 1498 quod
447 1414 479 1476 in
501 1409 622 1477 mundo
638 1409 897 1494 pretiosissimum
919 1406 1014 1484 duco,
1029 1408 1116 1492 apud
1134 1426 1194 1470 vos
1214 1405 1291 1470 mihi

343 1525 392 1577 est
413 1513 556 1577 fidelium
578 1512 670 1596 copia
692 1511 875 1574 amicorum.
921 1508 976 1572 Sin
1007 1522 1112 1572 autern
1143 1507 1293 1590 deceptus

343 1636 425 1688 sum,
450 1627 564 1699 gratus
593 1625 698 1677 tamen
721 1625 768 1675 est
794 1609 967 1675 admodum
990 1609 1157 1674 labefactae
1174 1620 1205 1671 et
1228 1628 1294 1670 cre·

344 1714 431 1779 dulae
450 1713 608 1800 opinionis
630 1734 726 1776 error.
774 1716 823 1777 De
846 1712 989 1776 moribus
1010 1712 1094 1775 enim
1120 1710 1292 1773 amicorum

345 1827 487 1879 sanctum
504 1832 628 1899 semper
638 1835 705 1876 esse
716 1812 822 1889 debet,
834 1811 1113 1898 venerandumque
1123 1809 1293 1896 judicium,

344 1915 485 2000 perversi
506 1913 624 2000 ingenii
644 1929 692 1997 est
714 1912 755 1978 de
775 1915 820 1977 eis
841 1914 933 1977 facile
952 1935 1117 1999 perperam
1135 1910 1293 1996 judicare,

345 2028 430 2079 recte
444 2036 573 2100 quoque
587 2018 709 2100 copiam
732 2014 879 2094 dixerim,
894 2037 932 2077 eo
946 2014 1033 2097 quod
1049 2012 1160 2076 multis
1174 2011 1293 2074 amicus

346 2116 594 2181 meviceversaa
605 2114 824 2179 multiasmnri
836 2113 970 2178 confido.
994 2112 1140 2191 Confido,
1148 2114 1292 2196 inquam,

344 2239 363 2279 a
378 2239 433 2303 spe
448 2215 630 2280 indubitata
645 2236 707 2278 nnn
723 2213 897 2299 ambigens,
912 2225 944 2279 et
959 2214 1024 2278 scio
1046 2211 1134 2300 quod
1149 2234 1220 2298 spes
1234 2211 1294 2274 ista

345 2339 407 2382 non
419 2316 643 2391 confundit,eo
652 2315 741 2401 quod
753 2318 869 2380 caritas
880 2314 976 2378 nescit
988 2314 1081 2378 finem
1091 2312 1294 2377 confusionis.

347 2418 439 2482 Licet
454 2419 536 2482 enim
560 2415 721 2481 interdum
743 2438 881 2480 errorem
897 2414 1011 2480 habeat
1033 2438 1072 2479 ex
1093 2412 1295 2497 simplicitate

344 2519 558 2594 conscientia,
573 2538 698 2580 omnem
712 2515 789 2581 vitat
804 2515 1020 2579 confusionem
1037 2538 1076 2580 ex
1089 2516 1203 2579 merito
1217 2514 1294 2579 sub·

344 2618 499 2683 venientis
527 2620 652 2703 gratim,
682 2615 877 2702 virtutisque
909 2616 1070 2701 perfectae.
1116 2614 1201 2692 Quid
1217 2636 1294 2699 ergo

344 2718 470 2783 dulcius
496 2741 590 2804 quam
614 2718 709 2782 talem
733 2716 920 2780 thesaurum
941 2716 1127 2802 frequenter
1148 2717 1293 2789 invisere,

345 2818 430 2883 unde
444 2819 548 2882 anima
560 2816 774 2903 jucundatur,
784 2830 817 2880 et
827 2815 905 2879 alios
912 2817 1128 2901 jucunditatis
1138 2839 1206 2880 suae
1220 2814 1294 2879 facit

344 2942 411 2982 esse
423 2918 613 3003 participes?
639 2918 703 2983 Ubi
716 2929 764 2981 est
773 2936 871 2989 amor,
885 2916 1055 3000 inquit,ibi
1071 2917 1250 2993 estoculus‚
1263 2931 1295 2981 et

346 3019 401 3083 ubi
413 3032 459 3082 est
472 3020 651 3094 thesaurus,
663 3018 708 3082 ibi
720 3030 766 3082 est
777 3030 943 3080 cortuum.
970 3017 1057 3094 Quid
1069 3041 1147 3103 ergo
1156 3018 1295 3083 amarius

345 3141 443 3205 quam
473 3120 514 3183 ab
536 3118 606 3202 ejus
628 3116 895 3203 contemplatione
924 3119 1090 3205 suspendi,
1120 3120 1208 3206 quod
1238 3134 1294 3183 aut

345 3220 450 3297 solvit,
466 3233 523 3285 aut
537 3242 605 3305 prae
620 3217 743 3283 caeteris
758 3240 812 3281 cor
826 3220 962 3304 appetit,
978 3234 1011 3283 et
1027 3220 1061 3285 in
1077 3222 1164 3307 quod
1186 3221 1296 3285 radius

344 3322 426 3387 oculi
449 3343 573 3406 semper
594 3318 724 3385 tendit?
763 3323 844 3385 Haec
865 3320 996 3401 quidem
1017 3320 1198 3385 amaritudo
1227 3341 1297 3382 mea

340 3422 544 3507 jampridem,
555 3435 586 3487 et
593 3420 988 3496 amaritudoamarissima,
1000 3434 1036 3484 ut
1043 3421 1198 3484 neminem
1207 3418 1296 3504 apud

345 3545 401 3587 vos
417 3523 525 3586 videre
540 3522 665 3586 licuerit
685 3521 873 3596 amicorum,
895 3519 981 3582 unde
1001 3532 1080 3584 teste
1094 3519 1296 3595 conscientia,

345 3635 382 3686 ut
398 3622 473 3687 huic
488 3621 630 3686 mederer
645 3620 813 3704 angustiae,
834 3641 885 3683 me
900 3640 1003 3703 nuper
1017 3617 1138 3705 impelli
1153 3619 1294 3707 permisi,

344 3736 382 3785 ut
397 3721 617 3784 descenderem
639 3721 681 3784 ad
700 3734 828 3803 gentem
853 3719 997 3794 amicam,
1022 3720 1077 3784 sed
1101 3744 1228 3787 cauam
1246 3722 1296 3785 in·

344 3821 452 3885 visam.
501 3821 629 3884 Accessi
645 3820 776 3906 quidem
790 3820 832 3885 ad
849 3843 916 3901 vos,
930 3823 986 3888 sed
1001 3822 1118 3887 ibidem
1130 3836 1295 3909 gravatus,

345 3921 538 3999 cumulatus,
561 3942 592 3987 et
616 3921 820 3988 exulceratus
842 3937 890 3988 est
920 3923 1011 3988 dolor
1042 3946 1141 3991 meus.
1186 3928 1296 4003 Quum

345 4022 428 4087 enim
448 4022 659 4087 desideratam
680 4021 793 4086 faciem
816 4036 952 4089 vestram
971 4040 1127 4089 nocturno
1142 4038 1296 4109 tempore,

345 4123 438 4189 etad
461 4123 633 4199 modicum,
657 4137 689 4189 et
709 4124 764 4188 vix
786 4126 945 4202 vidissem,
966 4125 1075 4189 eadem
1102 4126 1180 4192 mihi
1203 4126 1297 4190 solito

345 4225 521 4290 infortunio
547 4225 611 4289 cito
635 4226 729 4289 nimis
750 4226 916 4291 subtracta
936 4239 996 4297 est,
1019 4239 1055 4289 ut
1085 4247 1153 4290 eam
1176 4249 1234 4289 nec
1255 4226 1296 4290 ad

345 4325 548 4388 salutandum
562 4324 640 4387 mihi
650 4323 879 4401 discedenti‚et
891 4349 929 4389 eo
940 4326 1042 4410 magis
1051 4326 1193 4412 cupienti
1206 4348 1297 4390 mane
1375 4380 1378 4387 .

347 4424 612 4489 licuerit⁴videre
660 4423 799 4501 Quaesivi
821 4423 890 4501 diu,
911 4425 967 4489 diu
991 4426 1162 4512 expectari,
1177 4428 1298 4512 rogavi,

349 4524 514 4589 sollicitavi
530 4523 657 4600 multos,
674 4523 728 4587 sed
745 4545 808 4587 non
831 4525 893 4590 fuit
909 4528 967 4612 qui
988 4527 1168 4613 adjuvaret,
1190 4529 1250 4592 hnc
1264 4530 1296 4592 in

347 4648 397 4689 me
413 4639 490 4689 tunc
511 4624 643 4690 fortuna
657 4624 775 4711 potuit,
790 4624 845 4690 sed
868 4627 939 4692 licet
950 4629 1116 4693 temeraria
1137 4631 1178 4695 sit
1193 4652 1298 4695 amare

348 4741 380 4790 et
396 4726 533 4789 salutare
548 4727 721 4806 absentem,
734 4750 791 4792 nec
808 4728 952 4806 audebit,
965 4752 1021 4794 nec
1036 4729 1165 4815 quidem
1182 4731 1299 4817 poterit

395 4847 466 4892 von.
483 4847 504 4891 1.
826 4851 848 4891 u
