3300 6434
319 1121 517 1203 llas-64]
722 1148 901 1193 snrsronn.
1213 1133 1270 1196 131

317 1318 415 1382 copus
432 1295 610 1361 Londonioe
631 1296 825 1374 convocavit,
842 1297 1067 1377 celebraretur,
1081 1299 1274 1382 Adeliciam,

314 1400 397 1464 sicut
420 1399 513 1464 multi
536 1412 708 1484 praesentes
731 1401 939 1478 testabantur,
961 1401 1152 1487 eaepedictus
1172 1403 1274 1468 archi-

313 1502 466 1567 diaconus
488 1502 664 1569 inauditam
685 1503 718 1566 in
741 1503 940 1568 indefensam
962 1505 995 1568 in
1016 1504 1155 1590 capitulo
1178 1507 1271 1571 Cole-

311 1604 475 1684 cestrensi,
484 1604 780 1690 nulloproecedente
788 1607 912 1692 judicio
920 1622 1115 1693 praeceperat
1121 1609 1271 1687 amoveri,

311 1720 344 1770 et
364 1707 449 1793 quod
472 1708 599 1792 gravius
619 1722 677 1786 est,
701 1733 832 1774 uxorem
854 1712 952 1776 totius
972 1711 1066 1796 hujus
1086 1713 1274 1799 quaestionis

313 1810 458 1894 ignaram
474 1833 494 1875 a
508 1812 604 1876 domo
618 1812 724 1876 mariti
741 1836 881 1898 praesens
893 1814 997 1899 ejecit.
1037 1815 1147 1889 Quum
1164 1828 1272 1880 autern

312 1912 345 1976 in
364 1913 433 1998 jam
457 1914 543 1978 dicta
564 1914 684 2001 synodo
710 1914 927 1979 Londoniensi
950 1931 1161 1981 memoratum
1185 1917 1273 1981 Win-

317 2018 494 2083 toniensem
513 2018 659 2083 Adelicia
674 2019 883 2096 convenisset,
897 2042 960 2083 non
977 2021 1036 2084 boc
1051 2021 1181 2107 quidem
1198 2021 1275 2106 egit,

311 2119 371 2184 nisi
395 2134 430 2185 ut
452 2120 576 2185 illatam
599 2120 659 2184 sibi
681 2121 723 2185 ad
745 2121 967 2186 archidiacono
988 2122 1168 2207 deploraret
1189 2123 1275 2208 inju-

315 2222 405 2302 riam,
428 2235 462 2287 et
482 2223 576 2308 juxta
602 2223 789 2287 mandatum
816 2225 902 2309 quod
928 2224 1076 2289 dominus
1105 2225 1274 2290 Albericus

315 2325 438 2409 lagatus
458 2325 682 2389 Wintoniensis
697 2326 825 2402 fecerat,
845 2327 1001 2410 justitiam
1025 2340 1274 2414 consequeretur

319 2427 453 2492 Nullum
470 2441 577 2492 autem
594 2427 681 2492 aliud
697 2430 840 2504 verbum,
855 2429 936 2492 sicut
952 2430 1085 2514 probare
1101 2430 1274 2508 nitebatur,

313 2529 360 2595 ibi
384 2529 529 2594 habitum
550 2543 600 2595 est
620 2553 693 2594 cum
716 2532 794 2617 ipsa,
808 2531 867 2596 nisi
891 2533 976 2618 quod
996 2532 1160 2618 querelam
1183 2554 1274 2597 suam

313 2634 398 2718 apud
418 2633 564 2719 judicem
588 2633 719 2697 surdum
741 2635 898 2719 deposuit.
944 2635 1150 2709 Querebatur
1175 2636 1273 2700 etiam

316 2735 401 2821 quod
429 2735 515 2800 idem
546 2735 771 2800 Wintoniensis
797 2736 838 2800 ad
865 2737 1066 2823 dispendium
1094 2738 1175 2824 ejus,
1201 2760 1275 2802 con-

321 2838 427 2901 silium
450 2837 572 2902 domini
597 2837 776 2901 Innocentii
799 2837 925 2901 trabere
948 2839 1148 2925 disponebat,
1174 2863 1275 2927 quum

318 2939 351 3002 in
382 2939 571 3024 supradictis
600 2938 714 3003 litteris
748 2939 870 3003 domini
907 2941 1085 3006 lnnocentii
1122 2943 1202 3006 nibil
1234 2944 1276 3008 de

321 3042 506 3126 parentibus
520 3042 589 3126 ejus
600 3064 783 3128 expressum
799 3042 905 3120 fuerit,
918 3045 973 3108 sed
986 3045 1092 3109 nescio
1107 3045 1276 3131 dequibus

320 3144 404 3209 male
420 3144 615 3229 conjunctis:
640 3156 788 3230 parentes
807 3145 893 3209 enirn
915 3147 985 3231 ejus
1006 3168 1209 3234 nequaquam
1231 3147 1276 3211 sic

318 3259 554 3321 convenerant;
579 3247 664 3332 quod
680 3246 706 3311 si
722 3269 775 3311 eos
791 3248 973 3313 convenisse
988 3248 1178 3334 saepedictus
1192 3248 1277 3333 epis-

318 3369 416 3433 copus
437 3348 567 3412 domino
590 3370 682 3434 papae
704 3348 873 3432 suggessit,
897 3361 930 3413 et
952 3348 1041 3412 ialsoe
1067 3348 1277 3432 suggestionis

316 3450 423 3536 culpa,
448 3464 482 3516 et
503 3449 599 3514 alieni
622 3451 780 3514 mendacii
804 3451 925 3514 crimen
948 3449 1059 3513 obesse
1082 3471 1144 3513 non
1168 3449 1276 3515 debet.

319 3552 356 3615 In
381 3574 507 3616 summa
528 3551 610 3615 sicut
636 3550 793 3616 Ricardus
813 3551 974 3638 praecipue
994 3552 1170 3636 insistebat,
1187 3553 1278 3619 insti·

317 3651 433 3717 tutioni
448 3650 597 3716 avunculi
621 3650 809 3737 petitionem
827 3652 1022 3717 baereditatis
1044 3652 1222 3731 instituens,
1243 3665 1277 3719 et

319 3756 361 3822 ad
376 3755 576 3832 damnatum,
593 3767 629 3819 ut
652 3754 791 3837 dicebat,
808 3757 999 3822 adulterium
1022 3759 1276 3824 convincendum

322 3858 490 3926 sententiae
508 3857 733 3924 Wintoniensis
754 3860 905 3946 episcopi.
952 3861 1006 3929 Sic
1028 3886 1046 3926 e
1069 3874 1179 3927 contra
1203 3860 1279 3926 Ma-

317 3960 395 4025 bilia
417 3960 555 4024 maxime
577 3959 674 4045 patris
695 3960 873 4025 novissimae
895 3960 1048 4026 voluntati
1069 3961 1277 4040 innitebatur,

319 4081 352 4128 et
362 4062 487 4152 judicio
502 4061 626 4127 comitis
643 4062 836 4128 Theobaldi.
875 4063 959 4126 Nam
972 4074 1145 4150 utrumqne
1161 4063 1276 4128 docere

323 4165 458 4231 testibus
483 4163 707 4251 promittebat:
742 4165 783 4228 ad
809 4166 879 4228 baec
907 4165 933 4229 si
959 4186 1022 4228 non
1049 4187 1278 4252 usquequaque

326 4293 398 4355 pars
419 4269 583 4333 aberraret
603 4267 751 4344 auctoris,
767 4269 827 4332 sibi
848 4283 882 4331 et
903 4269 1111 4334 diuturnitate
1128 4272 1279 4356 temporis

327 4384 358 4434 et
370 4370 452 4456 juris
466 4369 655 4454 ignorantia,
671 4391 805 4432 numero
827 4369 1012 4451 liberorum,
1034 4383 1069 4435 et
1090 4373 1279 4438 auctoritate

326 4472 482 4551 ecclesiae,
505 4492 579 4558 quae
601 4471 839 4536 matrimonium
864 4471 942 4538 illud
967 4474 1184 4558 conjunxerat,
1208 4476 1282 4541 sub·

322 4574 516 4638 veniendum
544 4597 612 4639 esse
635 4575 880 4661 protestabatur.
927 4576 1011 4640 Nam
1039 4577 1071 4639 in
1103 4600 1196 4642 causa
1221 4583 1281 4646 du·

323 4678 397 4743 riori
414 4679 517 4743 Divus
532 4678 663 4744 Marcus
675 4692 708 4743 et
721 4679 841 4744 Lucius
856 4678 1026 4765 benignius
1039 4683 1282 4767 responderunt,

319 4785 366 4848 ita
391 4782 510 4847 Flaviae
535 4783 694 4848 Tertullae
713 4806 771 4868 per
793 4805 972 4848 mensorem
997 4783 1147 4849 libertum
1176 4787 1286 4851 rescri-

780 4895 834 4952 KQ
