3300 6434
420 1162 484 1221 270
691 1174 1120 1221 JOANN18·ssRsssBER11tNSIS
1285 1162 1328 1240 [A.
1347 1182 1376 1224 n.

419 1324 632 1411 decoremque
647 1324 811 1390 sermonis.
858 1322 945 1407 Ergo
961 1323 1070 1399 Ousia,
1086 1324 1173 1409 quod
1186 1348 1315 1411 semper
1336 1330 1376 1392 sit

420 1428 592 1507 Dominus,
607 1428 776 1514 significat.
815 1426 869 1506 Sic
884 1426 1015 1513 quidem
1033 1428 1219 1494 Ambrosius
1240 1430 1372 1514 colligit,

418 1529 473 1594 sed
494 1529 575 1595 ratio
596 1528 776 1596 inferentiae
800 1527 892 1594 vobis
917 1527 1043 1614 plenius
1062 1528 1168 1615 liquet.
1183 1543 1216 1595 et
1237 1532 1371 1609 Graecis,

418 1630 495 1695 mihi
505 1653 581 1695 vero
595 1642 629 1698 et
642 1631 712 1696 mei
718 1629 875 1695 similibus
891 1630 1115 1695 nubeculosior
1129 1643 1187 1697 est.
1230 1633 1371 1700 Hilarius

418 1745 526 1800 autem
541 1735 575 1799 in
590 1735 648 1802 lib.
662 1735 704 1802 do
720 1733 856 1822 Synodis
872 1734 1023 1816 similiter
1035 1734 1077 1800 de
1095 1736 1233 1801 essentia
1248 1740 1372 1804 ratioci-

418 1848 524 1913 natur,
540 1848 575 1902 ut
591 1835 781 1903 Ambrosius
794 1835 837 1900 de
853 1835 970 1902 Ousia:
987 1836 1118 1901 fortusse
1134 1839 1210 1925 quia
1224 1838 1310 1904 idem
1326 1854 1374 1906 cst

417 1938 554 2005 essentia
567 1938 653 2025 quod
674 1938 786 2005 Ousia.
833 1936 877 2003 Et
897 1937 1144 2025 quidemrerbu
1165 1939 1282 2005 Hilarii
1303 1941 1373 2006 haec

417 2050 500 2103 sunt.
558 2038 706 2104 Esseutia
734 2049 783 2105 est
807 2059 860 2101 res
885 2059 959 2123 quse
981 2038 1033 2104 vel
1062 2050 1121 2118 est,
1150 2039 1201 2104 vel
1233 2063 1273 2103 ex
1303 2044 1374 2127 qui·

416 2140 557 2217 busest‚
579 2139 690 2227 quiin
714 2161 754 2205 eo
778 2140 865 2226 quod
888 2150 1019 2205 maneat
1044 2142 1195 2208 subsistit.
1244 2143 1373 2210 Dicitur

416 2254 525 2310 auteur
554 2242 702 2319 essentia,
728 2253 761 2312 et
787 2253 911 2323 nutura,
934 2254 969 2307 et
991 2264 1110 2327 genus,-
1134 2256 1168 2308 et
1193 2246 1370 2311 substantia

415 2344 664 2432 uniuscujusque
693 2344 739 2408 rei
769 2343 904 2428 poterit;
940 2344 1067 2431 proprie
1096 2360 1204 2411 autem
1234 2350 1371 2413 essentia

415 2445 533 2513 idcirco
546 2447 633 2512 dicte
647 2458 706 2525 est,
717 2446 794 2534 quia
807 2468 935 2533 semper
948 2462 1007 2514 est
1038 2447 1122 2522 Quae
1138 2449 1256 2516 idcirco
1271 2452 1368 2516 etiam

415 2547 592 2616 substantia
606 2560 664 2629 est,
679 2548 755 2634 quia
776 2571 828 2614 res
842 2570 917 2635 quoe
931 2560 980 2614 est
1000 2571 1130 2615 necesse
1150 2565 1200 2616 est
1220 2552 1369 2616 subsistat

415 2648 449 2713 in
479 2672 558 2716 sese.
583 2660 585 2663 ’
607 2649 771 2737 Quicquid
802 2663 919 2718 eutem
939 2649 1081 2716 subsistit
1106 2651 1177 2717 siue
1206 2651 1304 2716 dubio
1333 2654 1366 2717 in

413 2772 532 2835 genere
547 2751 597 2817 vel
612 2751 776 2821 iuuatura
787 2752 838 2817 vel
853 2753 886 2817 in
902 2751 1077 2817 substantia
1091 2764 1210 2819 manet.
1255 2753 1365 2828 Quum

414 2873 491 2938 ergo
527 2852 696 2919 essentiam
733 2852 871 2921 dicimus
906 2853 1100 2939 significare:
1121 2867 1279 2932 naturam,
1314 2855 1365 2919 vel

413 2975 515 3039 geom
530 2953 584 3021 vel
603 2954 825 3031 substantiam,
848 2954 1058 3040 intelligimus
1079 2954 1149 3040 ejus
1170 2955 1216 3021 rei
1239 2978 1312 3043 quae
1333 2957 1366 3020 in

413 3056 463 3122 his
477 3057 625 3123 omnibus
638 3078 765 3142 semper
780 3077 848 3123 esse
862 3055 1025 3123 subsistat.
1055 3057 1182 3123 Horum
1198 3058 1365 3123 verborum

414 3156 531 3240 Hilarii
548 3157 764 3226 subtilissime
791 3154 967 3241 speculatio
996 3169 1055 3233 est,
1081 3158 1218 3223 difficilis
1247 3159 1366 3222 iutelli-

410 3257 530 3343 gentis,
558 3257 613 3328 sed
644 3256 781 3322 arbitror
806 3255 893 3342 quod
919 3256 952 3320 iu
978 3256 1095 3322 Graeca
1118 3257 1229 3342 lingua
1255 3260 1365 3343 peritis

410 3359 554 3446 planiora
567 3371 649 3426 sunt
698 3356 782 3424 Nem
797 3355 839 3422 de
854 3355 949 3422 beato
962 3355 1099 3424 Hilario
1113 3357 1192 3422 dicit
1206 3359 1363 3423 sanctissi-

410 3483 482 3525 mus
503 3473 602 3547 patet,
624 3456 923 3537 etlitteratissimus
946 3456 1058 3523 doctor
1078 3458 1164 3544 quod
1192 3459 1361 3525 Gallicano

410 3561 566 3634 cothurno
585 3560 753 3637 attollitur,
774 3572 808 3625 et
825 3558 956 3626 floribus
978 3558 1103 3631 Grecis
1122 3560 1305 3639 adornatur,
1329 3574 1362 3625 et

409 3664 520 3750 procul
553 3676 603 3729 est
632 3685 652 3728 a
680 3662 817 3728 lectione
851 3660 1044 3748 simplicium
1074 3660 1217 3729 fratrum.
1275 3662 1363 3728 Alibi

409 3778 516 3832 autem
533 3764 687 3851 proecipit,
711 3775 749 3829 ut
772 3764 916 3830 Hilarius
936 3776 972 3828 et
995 3763 1190 3831 Athanasius
1209 3764 1362 3829 inoffenso

409 3880 575 3934 currantur
600 3865 692 3952 pede.
747 3865 846 3939 Quod
867 3865 895 3929 si
913 3866 1000 3951 apud
1026 3866 1157 3932 Graecos
1181 3889 1361 3952 expressam

409 3970 529 4035 habent
539 3965 750 4034 differentiam
763 3965 844 4043 hoec,
854 3988 929 4052 quae
939 3966 992 4030 hic
1001 3965 1094 4031 toties
1105 3967 1265 4031 inculcata
1276 3981 1361 4048 sunt,

407 4074 554 4151 essentia,
585 4083 710 4149 natura,
741 4091 855 4155 genus,
879 4067 1065 4143 substantia,
1095 4089 1168 4132 eam
1205 4070 1359 4154 expediri,

408 4175 552 4239 omnium
584 4174 721 4240 arbitror
755 4172 908 4245 interesse
926 4169 1235 4257 quamplurimum:
1273 4172 1360 4236 unde

407 4277 496 4342 vobis
518 4277 559 4341 sd
582 4276 732 4341 mer-itum
755 4286 789 4338 et
809 4272 942 4358 glorium
966 4272 1182 4358 profecturum
1203 4295 1271 4338 esse
1295 4296 1360 4338 uon

406 4379 530 4459 dubito,
547 4392 580 4443 et
595 4379 795 4465 profuturum
811 4377 852 4441 ad
863 4376 973 4456 vitam,
983 4376 1010 4440 si
1024 4376 1066 4441 ad
1080 4375 1197 4441 ostium
1215 4376 1359 4462 Scriptu-

407 4502 514 4545 rurum
537 4479 674 4567 pulsanti
697 4478 896 4565 aperueritis,
915 4490 949 4542 et
970 4499 1069 4564 panes
1083 4478 1172 4542 vobis
1192 4500 1211 4542 a
1232 4478 1359 4545 Christo

407 4580 543 4644 creditos
571 4579 605 4643 in
635 4579 850 4645 multitudinis
879 4601 972 4666 usum
999 4578 1168 4664 fregeritis,
1193 4590 1229 4644 ut
1255 4591 1359 4645 vestra

407 4677 618 4745 sollicitudine
641 4682 824 4746 reficientur
846 4679 962 4762 turboe,
984 4702 1119 4768 quamm
1144 4681 1225 4746 adeo
1250 4681 1283 4745 in
1306 4681 1357 4746 via

408 4778 667 4859 peregrinationis
682 4782 776 4866 hujus
790 4783 893 4846 boum
913 4781 1082 4847 miseretur
1102 4782 1205 4860 lesus,
1221 4794 1257 4846 ut
1276 4783 1357 4866 seip-
