3300 6434
420 1228 483 1287 206
681 1238 816 1282 tornius
833 1236 1114 1283 saansuuurensrs
1279 1218 1323 1300 [a.
1341 1235 1370 1277 n.

415 1393 591 1476 templatio‚
614 1402 645 1453 ct
669 1389 782 1452 moad
806 1389 1009 1451 scribendum
1032 1411 1097 1451 nou
1121 1403 1186 1451 tam
1210 1389 1369 1463 invitaret,

415 1515 509 1577 quam
537 1503 666 1573 cogeret
691 1491 834 1553 mandati
856 1491 952 1551 vestri
980 1490 1164 1567 auctoritas,
1187 1491 1239 1552 cui
1262 1490 1370 1568 corde,

414 1615 530 1677 magno
547 1594 662 1671 animo,
678 1604 710 1656 et
725 1591 844 1654 volenti
867 1591 1013 1654 desidero
1030 1592 1062 1653 in
1079 1593 1231 1653 omnibus
1247 1593 1371 1654 obtem·

414 1716 536 1781 perere,
552 1717 624 1779 quoe
640 1695 706 1757 lieri
724 1702 860 1777 possunt
875 1694 909 1754 in
925 1692 1077 1755 Domino.
1123 1694 1169 1755 Et
1187 1693 1316 1776 quidem
1333 1715 1372 1755 eo

416 1798 569 1861 merobis
582 1796 758 1859 obnoxium
775 1794 886 1869 fateor,
899 1816 963 1877 quo
981 1807 1043 1858 tam
1057 1795 1146 1870 mihi,
1158 1817 1254 1877 quam
1265 1795 1374 1857 multis

414 1899 496 1975 aliis,
513 1910 634 1962 certum
652 1910 700 1960 est
715 1918 766 1959 me
781 1897 813 1959 iu
831 1908 912 1959 terra
926 1909 1029 1959 vestra
1051 1898 1188 1980 plurium
1214 1899 1369 1959 bonorum

416 2002 538 2084 cepisse
563 1999 752 2083 profectum,
773 2010 806 2060 et
830 1997 890 2059 sub
915 1999 1010 2061 beato
1033 2011 1121 2082 patre
1148 2010 1263 2074 vestro,
1279 1998 1371 2081 cujus

414 2098 566 2165 memoria
589 2101 621 2163 in
647 2100 875 2164 benedictione
901 2112 959 2176 est,
975 2121 1014 2161 eo
1039 2100 1129 2184 quod
1152 2101 1371 2181 eleemosynas

414 2202 483 2288 ejus
498 2213 622 2266 enarrat
638 2201 742 2263 omnis
759 2200 897 2263 ecelesia
912 2212 1106 2277 sanctorum,
1119 2212 1151 2263 et
1165 2202 1370 2284 plurimamm

413 2305 565 2368 virtutum
592 2304 661 2388 ejus
687 2302 851 2386 praeconia
877 2304 1028 2376 celebrat,
1056 2325 1106 2365 me
1133 2324 1199 2386 prae
1223 2304 1372 2366 omnihus

415 2407 589 2471 coaetaneis
605 2406 694 2483 meis,
710 2427 749 2467 eo
765 2404 996 2488 patrocinante,
1011 2426 1108 2488 quum
1125 2405 1230 2467 adhuc
1247 2405 1370 2467 adoles·

415 2509 538 2572 centior
548 2528 662 2584 essem,
675 2506 818 2569 floruisse
832 2506 864 2567 in
878 2507 1029 2580 Francia3
1041 2518 1074 2568 et
1086 2521 1247 2589 praeeunte
1261 2507 1370 2587 gratia,

418 2608 487 2671 siue
497 2628 561 2691 qua
569 2608 676 2670 nullus
687 2608 762 2669 honi
773 2618 881 2689 potest
892 2629 961 2670 esse
970 2628 1151 2690 processus,
1160 2607 1194 2669 i‹l
1205 2617 1372 2670 assecutus

418 2730 486 2774 sum
499 2708 585 2772 unde
602 2709 679 2770 mihi
692 2708 810 2771 exinde
823 2720 897 2789 post
913 2709 1020 2771 Deum
1032 2721 1064 2772 et
1074 2710 1233 2771 bonorum
1245 2709 1371 2784 nolitia,

417 2810 568 2875 etmendi
578 2831 740 2893 prospere,
751 2809 869 2893 quibus
879 2810 911 2871 in
922 2810 1024 2892 patria
1033 2830 1104 2873 mea
1113 2830 1209 2892 supra
1217 2820 1249 2871 et
1260 2820 1370 2871 contra

416 2912 530 2977 merita
545 2932 616 2974 mee
627 2932 692 2994 prae
704 2911 822 2974 eoaevis
835 2921 867 2973 et
880 2911 1097 2974 conterraneis
1108 2910 1186 2973 meis
1198 2910 1369 2982 abundari,

414 3023 451 3078 ut
471 3015 601 3098 publice
623 3025 731 3077 notum
760 3024 818 3091 est,
842 3026 1079 3097 praevenerunt:
1112 3013 1253 3098 mihique
1276 3013 1368 3075 facilc

412 3115 632 3199 persuaserim,
643 3115 793 3198 quoniam
805 3112 961 3177 credibile
978 3124 1026 3177 est
1041 3114 1123 3176 tanti
1134 3115 1234 3196 patris
1250 3113 1370 3176 meritis

413 3216 618 3300 adquisitum,
634 3228 670 3279 ut
690 3216 840 3279 heredem
863 3212 1067 3299 relinqueret,
1082 3214 1138 3299 qui
1160 3217 1277 3297 ipsum,
1292 3216 1370 3278 licet

414 3322 554 3403 optimus
579 3320 683 3396 fuerit,
708 3316 740 3381 iu
768 3320 920 3383 virtutum
949 3321 1039 3383 cultu
1069 3331 1101 3381 et
1130 3316 1369 3399 magnificentia

414 3442 546 3504 operum
569 3420 710 3484 anteiret.
750 3419 815 3482 Sed
838 3419 918 3503 quid
939 3419 1102 3483 haeredem
1125 3419 1198 3483 dico
1213 3421 1369 3498 relictum,

413 3542 512 3604 quum
527 3541 637 3583 omues
651 3519 769 3581 liberos
781 3521 862 3581 tales
878 3519 1054 3602 reliquerit,
1066 3533 1102 3583 ut
1113 3517 1248 3603 quilibet
1259 3542 1368 3583 corum

413 3623 524 3685 merito
539 3620 720 3703 probitatis,
734 3641 799 3682 non
824 3629 888 3682 tam
905 3620 1018 3701 optimi
1040 3621 1169 3684 comitis
1185 3620 1369 3685 decedentis

412 3736 636 3804 reprensentare
664 3721 806 3784 videatur
832 3720 1017 3801 imaginem,
1041 3743 1137 3805 quam
1163 3723 1246 3804 regis
1268 3725 1368 3786 instar

414 3842 500 3897 esse;
517 3822 725 3905 venrmjuxta
735 3823 1159 3886 constitutionemAltissimi
1169 3824 1201 3886 in
1212 3825 1369 3906 primoge-

412 3922 481 3987 nito
492 3924 579 3986 bona
593 3922 734 4006 duplicia
751 3923 944 4000 resederunt,
959 3935 992 3985 et
1007 3924 1062 4007 qui
1078 3924 1189 3987 fratres
1204 3928 1369 4007 praecessit

413 4034 566 4108 tempore,
581 4046 637 4087 eos
652 4024 703 4087 bis
722 4024 903 4099 antecessit,
918 4023 999 4085 sicut
1022 4024 1234 4105 amplitudine
1255 4048 1368 4103 rerum,

412 4128 456 4190 ita
471 4138 503 4190 et
518 4127 706 4199 eximiarum
723 4126 894 4209 splendore
911 4125 1068 4187 virtutum.
1102 4126 1189 4186 luter
1199 4125 1278 4187 alias
1294 4148 1368 4189 vcro

412 4230 484 4294 duae
506 4253 571 4315 prm
596 4230 717 4293 caeteris
739 4228 876 4301 radiant,
900 4227 1076 4289 liberalitas
1102 4226 1246 4307 insignis,
1270 4249 1365 4310 quam

411 4343 496 4398 totus
511 4332 649 4395 muudus
668 4331 834 4413 predicat,
849 4340 880 4392 et
895 4329 1060 4392 excellens
1078 4329 1254 4405 humilitas,
1270 4352 1367 4413 quam

409 4456 470 4516 ego
485 4433 662 4495 divinarum
682 4431 857 4492 litterarum
883 4431 1054 4512 propositis
1076 4430 1307 4513 quaestionibus
1326 4432 1366 4493 ad

410 4533 639 4596 recreationem
661 4532 694 4593 in
710 4531 866 4612 angustiis
887 4528 978 4593 exilii
1001 4532 1064 4595 mei
1089 4533 1180 4595 laetus
1202 4533 1368 4614 experior;

411 4654 491 4716 quas
507 4655 604 4716 quum
618 4634 696 4695 mihi
714 4632 883 4694 Albericus
899 4633 1080 4711 Remensis,
1092 4654 1186 4717 quem
1204 4635 1366 4715 cognomi-

409 4747 488 4797 nant
514 4736 553 4798 de
578 4747 671 4820 porta
695 4736 840 4811 Veneris,
866 4756 937 4817 quae
964 4736 1058 4817 vulgo
1086 4737 1215 4799 Valesia
1239 4736 1367 4810 dicitur,

409 4837 538 4899 nomine
563 4850 675 4916 vestre,
700 4837 853 4901 adhibitis
876 4837 996 4919 aliquot
1020 4838 1169 4901 litteratis
1195 4838 1266 4901 viris
1293 4859 1364 4920 pro-
