3300 6434
481 1213 545 1274 228
741 1228 877 1274 sonarus
893 1229 1173 1275 saaesnamausrs
1342 1213 1389 1288 [n.
1406 1230 1443 1274 n.

485 1379 631 1442 haeresim
658 1379 841 1445 damnatam
866 1380 1025 1459 inciderit,
1045 1381 1230 1466 praestando
1256 1384 1442 1465 imperatori

485 1481 676 1563 sacrilegum
690 1495 937 1560 sacramentnm,
947 1496 980 1547 et
994 1484 1244 1548 communicavit
1255 1484 1444 1548 Coloniensi

486 1582 700 1661 schismatico,
715 1597 748 1648 et
768 1598 881 1649 eontra
895 1585 1080 1650 mandatum
1097 1585 1219 1650 domini
1242 1607 1335 1671 papae
1350 1608 1444 1649 usur·

486 1684 573 1767 pavit
585 1684 774 1748 decanatum
787 1684 1039 1751 saresberiensis
1050 1688 1208 1751 eeclesiae.
1247 1689 1319 1749 Has
1333 1697 1444 1750 autem

485 1805 599 1847 causas
625 1786 773 1868 allegavit
797 1787 831 1850 in
861 1788 984 1871 pulpito
1011 1788 1044 1850 in
1070 1789 1180 1852 auditu
1207 1788 1361 1862 omnium,
1383 1788 1443 1869 qui

486 1884 642 1950 Vizeliaci
657 1887 698 1952 de
714 1888 847 1951 dirersis
869 1890 1054 1953 nationibus
1068 1889 1111 1953 ad
1131 1891 1216 1953 diem
1231 1890 1346 1952 festum
1362 1910 1444 1951 eon·

487 2000 645 2051 venerant
691 1986 817 2054 ibidem
852 1990 946 2054 etiam
976 1992 1121 2074 allegatis
1151 1992 1248 2053 variis
1275 1990 1381 2052 causis
1411 2002 1446 2053 et

481 2086 580 2171 justis
595 2092 886 2155 excommunicavit
900 2091 1072 2155 Ricardum
1089 2091 1323 2155 Pictariensem
1338 2090 1445 2153 arehi-

487 2190 668 2269 diaconum,
683 2190 859 2255 Ricardum
883 2192 924 2255 de
950 2193 1044 2271 Luci,
1056 2193 1239 2255 Joeelinum
1255 2190 1296 2253 de
1312 2191 1444 2268 Baillol,

486 2291 684 2355 Randulsum
709 2292 749 2356 de
769 2295 865 2372 Broc,
881 2295 1056 2376 Hugonem
1079 2294 1120 2357 de
1145 2295 1266 2356 Sancto
1287 2292 1395 2368 Claro,
1411 2304 1445 2355 et

485 2392 643 2457 Thomam
660 2394 762 2458 filium
778 2396 947 2468 Bemardi,
962 2408 996 2460 et
1010 2417 1122 2459 omnes
1142 2396 1199 2479 qui
1216 2393 1256 2458 de
1272 2405 1389 2457 caetero
1404 2394 1441 2457 in

485 2497 703 2578 possessiones
725 2509 757 2561 et
778 2500 865 2562 bona
891 2498 1131 2562 cantuariensis
1155 2497 1303 2562 eeclesiae
1326 2517 1443 2559 manus

485 2597 697 2674 extenderint,
714 2609 751 2663 ut
764 2600 812 2663 eis
828 2601 1009 2677 abutantur,
1024 2613 1080 2663 ant
1101 2620 1211 2663 eorum
1236 2620 1314 2661 usus
1338 2599 1441 2681 impe-

486 2698 585 2779 diant,
601 2722 735 2786 quorum
750 2701 995 2765 necessitatibus
1016 2702 1169 2783 deputata
1188 2711 1273 2764 sunt
1318 2700 1442 2781 Regem

487 2823 573 2880 vero,
594 2824 689 2886 quem
716 2814 790 2866 ante
814 2824 873 2886 per
896 2802 1017 2866 litteras
1040 2817 1073 2866 et
1099 2803 1236 2865 nuncios
1261 2799 1442 2864 secundum

488 2904 667 2984 regulamet
676 2902 1171 2967 moremeeclesiaevoeareratad
1180 2902 1443 2979 satisfactionem,

487 3006 651 3089 publicata
666 3006 834 3069 vocatione
849 3006 890 3070 ad
905 3004 1045 3069 fructum
1065 2994 1263 3088 poenitcntiae
1286 3004 1443 3076 invitavit,

488 3109 688 3172 comminans
713 3127 748 3168 se
770 3107 804 3167 in
826 3128 898 3168 eum
927 3107 1064 3170 laturum
1091 3107 1282 3170 sententiam
1310 3105 1442 3169 anathe-

489 3209 582 3273 matis
597 3210 630 3271 in
655 3207 756 3279 brevi,
771 3208 835 3269 nisi
859 3207 1038 3289 resipuerit,
1052 3219 1085 3270 et
1108 3207 1148 3271 de
1173 3207 1270 3271 tantis
1292 3208 1446 3271 adversus

488 3310 657 3378 ecclesiam
683 3309 769 3372 ausis
795 3308 1002 3372 satisfecerit:
1037 3309 1125 3393 quod
1151 3321 1258 3373 tamen
1283 3331 1347 3372 non
1377 3311 1444 3373 nisi

489 3414 608 3479 invitus
625 3412 730 3486 saciet,
745 3432 806 3475 nee
830 3410 908 3473 novi
931 3410 1070 3494 aliquem
1094 3411 1343 3476 domesticorum
1367 3432 1441 3474 suo-

487 3539 568 3594 rum,
583 3516 638 3600 qui
654 3514 695 3579 ad
710 3514 861 3579 lationem
876 3511 973 3598 hujus
988 3513 1157 3576 sententiaa
1173 3535 1292 3596 pronus
1308 3514 1359 3577 sit.

531 3618 688 3681 Praeterea
710 3617 864 3699 seriptum
885 3613 977 3692 illud,
990 3614 1024 3677 in
1052 3636 1116 3697 quo
1140 3616 1345 3679 continentur
1368 3636 1442 3697 pra-

490 3719 603 3780 vitates
618 3718 861 3799 malignantium
876 3715 1027 3780 adversus
1042 3716 1223 3796 ecelesiam,
1239 3739 1320 3801 quas
1342 3715 1445 3782 avitas

491 3817 749 3883 Consuetudines
771 3816 895 3895 dicunt,
917 3817 1048 3900 publice
1071 3816 1308 3891 condemnavit,
1332 3840 1446 3881 omnes

489 3919 648 3986 innodans
668 3919 879 3981 anathematis
893 3919 1032 3995 vinculo,
1048 3919 1240 4002 quicumque
1263 3918 1303 3982 de
1327 3934 1445 3983 caetero

489 4023 677 4090 auctoritate
705 4020 792 4083 illius
822 4021 931 4103 scripti
957 4033 1094 4097 utentur,
1120 4032 1152 4081 et
1181 4019 1368 4081 nominatim
1400 4022 1444 4084 de

376 4153 383 4163 ·
489 4128 624 4191 consilio
651 4124 795 4190 eeclesiae
828 4126 995 4198 Romanae,
1022 4122 1091 4186 haec
1118 4120 1260 4205 capitula
1285 4119 1446 4201 imprimis

489 4231 638 4292 damnata
664 4239 755 4291 sunt:
793 4228 892 4299 Quor>
918 4247 982 4287 non
1008 4224 1105 4288 liceat
1129 4222 1283 4306 episeopo
1312 4242 1445 4285 excom-

488 4331 651 4394 municare
674 4330 824 4412 aliquem,
846 4327 903 4410 qui
928 4327 967 4389 de
992 4348 1065 4407 rege
1090 4335 1206 4403 teneat,
1221 4325 1290 4387 sine
1313 4325 1446 4388 licentia

486 4434 606 4516 ipsius:
643 4432 742 4503 Quon
756 4450 822 4492 non
837 4430 933 4491 liceat
955 4428 1112 4511 episcopo
1134 4449 1281 4491 coercere
1304 4427 1444 4511 aliquem

486 4535 750 4619 parochianorum
774 4553 902 4595 suorum
931 4553 989 4615 pro
1015 4532 1157 4616 perjurio
1180 4532 1231 4594 vel
1257 4530 1321 4593 fide
1347 4531 1443 4594 lasa:

486 4641 584 4711 Qoon
606 4636 647 4700 ad
670 4636 825 4699 secularia
845 4634 970 4717 judicia
997 4634 1161 4697 trahantur
1183 4634 1307 4697 clerici:
1346 4633 1444 4704 Quon

485 4740 573 4812 laici,
603 4739 669 4800 sive
695 4759 752 4801 rex
783 4738 851 4799 sire
881 4738 974 4812 alius,
1002 4757 1118 4799 causas
1149 4736 1189 4799 de
1219 4735 1364 4799 eeclesiis
1395 4737 1444 4796 rel

487 4838 619 4900 decimis
647 4851 800 4900 tractent:
840 4839 938 4910 Qoon
969 4859 1032 4900 non
1058 4839 1237 4920 appelletur
1265 4858 1323 4920 pro
1346 4856 1444 4898 causa
