3300 6434
343 1235 387 1295 aa
607 1239 742 1289 ioannis
756 1238 1034 1287 saansauatsnsis
1199 1225 1245 1304 [a.
1264 1245 1294 1289 n.

342 1400 374 1462 0
389 1418 497 1462 verum
520 1394 657 1460 Romani
678 1392 840 1459 Pontificis
859 1392 1016 1458 amicum!
1040 1392 1096 1479 qui
1112 1405 1144 1458 et
1158 1393 1192 1458 in
1208 1394 1298 1481 flegi-

342 1499 395 1565 tiia
419 1499 519 1586 ipsius
544 1498 641 1563 habet
667 1494 863 1570 memoriam,
886 1507 918 1558 et
944 1494 985 1557 de
1010 1493 1155 1559 bonitate
1178 1509 1295 1574 vestra,

343 1621 440 1686 quam
456 1600 587 1685 impune
601 1594 737 1674 deludit,
753 1593 905 1680 nequitiae
921 1616 988 1657 suoe
1008 1616 1122 1659 nomen
1138 1595 1295 1683 imponit!

343 1700 409 1765 Hic
430 1712 490 1779 est,
503 1697 642 1773 domine,
658 1696 708 1760 hic
730 1709 788 1770 est,
804 1694 861 1783 qui
884 1710 1027 1760 sanctum
1050 1697 1235 1784 episcopum
1257 1719 1295 1762 ea

340 1802 543 1867 salutatione
558 1798 773 1886 persequitur,
788 1798 865 1883 quia
884 1798 1070 1862 criminibus
1084 1800 1154 1886 ejus
1174 1800 1293 1886 episco-

344 1924 405 1988 pus
419 1900 617 1964 adversatur.
663 1900 770 1975 Quum
786 1896 923 1961 videatis
945 1897 1105 1984 iniquum,
1121 1902 1215 1987 cujus
1236 1902 1296 1965 cri-

345 2003 429 2068 mina
450 2001 618 2066 manifesta
641 2014 727 2077 sunt,
750 1999 962 2085 praecedentia
983 2000 1024 2063 ad
1043 2000 1215 2086 judicium,
1230 2024 1294 2065 non

342 2106 466 2193 ponetis
495 2126 569 2168 curn
599 2126 636 2166 eo
666 2101 794 2166 malitiae
824 2104 1014 2188 portionem,
1044 2102 1116 2167 licet
1145 2102 1199 2167 ille
1229 2126 1296 2181 vos,

342 2201 551 2289 quantumin
577 2223 609 2263 se
633 2212 693 2275 eat,
708 2198 849 2263 infamiae
872 2221 939 2262 suae
962 2198 1075 2265 reddat
1100 2202 1296 2289 participem.

344 2307 453 2378 Quum
470 2304 565 2378 enim,
581 2301 639 2365 etsi
652 2322 714 2364 non
727 2300 882 2384 dejectus,
894 2322 913 2363 a
925 2301 1015 2365 vebis
1027 2302 1130 2367 redire
1141 2303 1298 2385 debuerit,

345 2409 393 2469 rel
408 2418 580 2478 correctus,
597 2402 681 2466 lacta
701 2414 776 2466 sunt
802 2424 925 2488 semper
939 2404 1078 2468 hominis
1092 2404 1178 2468 illins
1192 2406 1298 2469 novis-

346 2506 425 2571 sima
443 2504 600 2571 deteriora
621 2503 790 2590 prioribus.
832 2506 956 2581 Dicam,
971 2519 1075 2592 pater,
1088 2505 1191 2570 dicam
1209 2507 1296 2594 quod

345 2628 482 2673 consona
507 2629 583 2670 voee
608 2605 751 2671 omnium
780 2606 865 2671 fama
895 2606 1105 2687 mucelebrat,
1129 2610 1185 2695 qui
1212 2610 1297 2675 hunc

346 2708 491 2784 dimittit,
502 2708 640 2794 justitiae
655 2706 801 2771 inimicus
821 2719 881 2787 est,
895 2721 927 2771 et
944 2708 1021 2773 vitio
1036 2730 1217 2785 consensus,
1228 2711 1298 2796 jus·

346 2810 438 2891 titire,
451 2808 635 2887 honestatis,
646 2822 678 2873 et
689 2808 924 2875 incontinentiae
936 2810 1128 2894 profanator.
1166 2811 1296 2897 Wigor·

347 2911 463 2976 niensis
477 2912 656 2998 episcopus,
671 2910 722 2975 cui
736 2912 902 2975 commissa
916 2924 962 2975 est
978 2935 1074 2977 cansa
1093 2915 1174 3001 ejus,
1190 2916 1223 2978 in
1244 2932 1298 2978 exss

345 3012 489 3079 ecutione
504 3014 646 3079 mandati
656 3014 752 3078 vestri
768 3014 860 3099 piger
873 3027 933 3090 est,
944 3014 977 3077 in
994 3015 1141 3099 proximo
1156 3015 1297 3083 Insulam

346 3137 537 3201 egressurus.
584 3116 712 3180 Placeat
728 3138 806 3201 ergo
825 3113 917 3180 vobis
937 3116 967 3180 ei
992 3118 1165 3205 subrogare
1189 3143 1298 3204 qnem-

347 3238 487 3304 aumque
510 3218 673 3282 volueritis
694 3217 727 3280 in
752 3215 869 3303 Anglia
890 3216 1027 3303 justitiae
1050 3235 1233 3301 amatorem,
1261 3235 1297 3286 ut

346 3341 444 3386 eausa
456 3320 595 3407 episcopi
610 3319 805 3406 quandoque
820 3321 963 3385 debitum
979 3321 1074 3387 linem
1090 3324 1253 3389 sortiatur.

470 3576 709 3641 EPISTOLA
735 3576 1003 3643 XXVIII.-an
1018 3598 1170 3644 ananau.

603 3694 743 3757 Domino
758 3694 865 3776 Pupae
880 3695 1035 3759 Adriano.

395 3811 448 3873 An
462 3807 583 3872 ostium·
601 3811 776 3895 majestatis
797 3826 913 3876 vestra
929 3812 1056 3898 pulsare
1072 3817 1167 3879 toties
1183 3815 1297 3879 erube·

349 3932 478 3986 acerem,
499 3908 561 3973 nisi
583 3912 737 3995 pudorem
761 3935 867 3976 meum
889 3926 922 3976 et
945 3913 1122 3977 devotionis
1140 3938 1219 3979 meae
1235 3918 1297 3981 sin-

349 4012 473 4090 eeritas,
495 4024 528 4075 et
547 4011 726 4079 eminentiae
750 4028 864 4080 vestrm
886 4013 1065 4098 benignitas
1087 4012 1250 4091 animaret,
1266 4031 1298 4081 et

349 4134 470 4188 eorum,
486 4111 603 4196 quibus
618 4111 706 4175 nulla
725 4114 849 4177 ratione
868 4112 976 4176 deesse
991 4134 1131 4197 possum,
1146 4114 1299 4179 instantia

348 4213 1086 4300 meadscribendumcompelleretvelinvitum.
1110 4213 1300 4280 Sanctorum

348 4317 498 4391 fratrum,
516 4314 596 4400 qnid
612 4315 699 4401 apud
719 4318 914 4382 Meritonam
937 4316 1075 4381 Domino
1089 4316 1300 4396 famulantur,

347 4432 379 4482 et
394 4417 466 4483 lnce
481 4416 635 4481 bonorum
658 4440 791 4502 operum
809 4419 969 4485 illustrant
991 4418 1125 4483 insulam
1150 4432 1301 4498 nostram,

349 4518 568 4583 vexationibus
579 4532 609 4582 et
619 4519 745 4603 injuriis
760 4534 850 4586 tanto
865 4522 966 4606 magis
976 4522 1163 4607 compatior,
1178 4535 1301 4606 quanto

348 4618 465 4682 certius
479 4618 580 4682 babeo
601 4619 726 4683 eosdem
745 4643 763 4683 a
779 4620 905 4685 laesione
927 4627 1070 4686 omnium
1087 4623 1256 4701 abstinere,
1269 4637 1300 4688 et

351 4717 438 4804 quod
461 4719 610 4784 omnibus
633 4720 785 4789 insulanis
804 4735 905 4807 patet,
929 4721 1061 4787 utilitati
1082 4723 1301 4811 proximorum

352 4821 427 4884 totis
441 4819 562 4883 viribus
576 4821 735 4885 inservire.
781 4823 832 4888 Ad
843 4837 981 4888 vestrum
998 4847 1074 4910 ergo
1088 4826 1301 4912 apostolatum
