3300 6434
142 1775 211 1802 ruw-
223 1779 231 1790 n

357 1228 550 1309 lint-ull
736 1247 916 1296 EPISTOLAE.
1264 1242 1306 1302 89

352 1397 552 1481 Augustinus
578 1420 634 1462 nec
660 1420 731 1462 cum
757 1420 864 1463 sorore
888 1401 1040 1465 clericum
1066 1402 1209 1468 habitare
1233 1427 1309 1480 cone

351 1498 458 1578 sensit,
478 1524 516 1563 eo
537 1500 625 1585 quod
650 1520 724 1563 cum
750 1500 912 1564 sororibus
937 1501 1098 1567 interdum
1120 1506 1305 1572 cohabitent

142 1683 173 1706 ί
191 1618 412 1680 finon
429 1621 563 1682 sorores,
580 1602 647 1681 ubi,
662 1598 747 1665 sicut
762 1599 807 1666 ait
821 1601 977 1667 ethnicus,

558 1758 679 1825 Cognato
691 1762 786 1831 poterit
796 1761 900 1812 nomine
912 1758 987 1831 culpa
998 1759 1064 1828 tegi.

352 1896 403 1957 Ex
420 1892 469 1957 his
483 1916 559 1979 ergo
574 1893 713 1980 qualiter
734 1897 793 1960 tibi
814 1895 974 1981 agendum
996 1897 1049 1977 sit,
1063 1921 1136 1962 cum
1154 1896 1303 1975 Reniero,

350 2018 446 2081 quem
477 2018 549 2059 cum
580 1996 718 2081 quadam
757 1996 919 2082 quondam
950 1997 1119 2060 fornicaria
1148 2021 1207 2061 sua
1242 2000 1303 2063 sub

350 2098 472 2182 paterni
489 2096 639 2161 famulitii
659 2097 797 2183 imagine
818 2097 963 2161 habitare
983 2098 1146 2182 scripsisti,
1162 2112 1219 2162 tua
1239 2099 1303 2162 dis·

350 2199 448 2262 cretio
485 2200 612 2284 poterit,
642 2199 752 2265 habita
789 2200 910 2264 ratione
939 2222 1146 2285 personarum
1176 2201 1302 2267 facilius

350 2300 516 2381 moderari,
530 2325 627 2388 quam
648 2323 704 2366 nus
724 2302 844 2388 quibus
861 2321 1004 2386 persona
1024 2301 1143 2386 ignotae
1167 2316 1254 2379 sunt,
1269 2317 1302 2368 et

349 2401 456 2486 opinio
483 2424 697 2487 personarum.
749 2404 863 2488 Neque
880 2401 973 2465 ,enim
1004 2400 1081 2486 quia
1107 2401 1302 2483 cohabitant,

348 2500 473 2565 eosdem
497 2501 645 2566 fornicari
666 2525 862 2587 consequens
883 2514 942 2580 est,
966 2523 1068 2588 quum
1092 2502 1214 2586 possint
1235 2507 1303 2568 Do-

348 2604 435 2665 mino
456 2604 651 2688 propitiante
673 2625 735 2666 non
759 2625 825 2666 esse
848 2601 934 2687 quod
957 2602 1101 2678 fuerunt,
1123 2616 1153 2667 et
1177 2618 1301 2670 erratus

347 2703 563 2788 praecedentes
577 2703 682 2770 delere
706 2704 892 2791 poenitentia
917 2703 1135 2787 subsequenti.
1179 2709 1300 2771 Verum

348 2804 373 2867 si
388 2826 531 2890 personae
553 2821 709 2892 suspectae
724 2820 811 2881 sunt,
827 2804 866 2868 ad
887 2803 1060 2888 legitimam
1076 2806 1299 2890 purgationem

348 2907 455 2990 urgeri
471 2920 624 2992 possunt:
649 2908 843 2992 demumque
858 2927 953 2989 poena
968 2918 999 2969 et
1019 2904 1178 2973 absolutio
1192 2930 1301 2973 conse·

262 2997 265 3005 ’
347 3019 477 3090 quetur,
489 3029 590 3092 quum
605 3006 784 3071 innocentia
797 3029 908 3071 eorum
923 3006 1091 3091 injudicio
1106 3009 1300 3092 apparuerit,

346 3117 403 3168 aut
419 3119 537 3170 reatus.
584 3106 678 3183 Quod
693 3119 801 3171 autem
821 3106 862 3170 de
878 3107 1072 3191 juramento,
1087 3110 1174 3193 quod
1190 3132 1300 3174 secun-

347 3207 422 3272 dum
439 3208 700 3273 consuetudinem
721 3207 952 3273 Liucolniensis
973 3208 1112 3274 ecclesiae
1127 3224 1300 3295 praestatur

347 3310 387 3372 ab
402 3308 452 3373 his
467 3310 524 3395 qui
539 3311 739 3389 ordinantur,
748 3310 903 3397 adjecisti,
917 3335 978 3375 non
995 3311 1193 3387 damnamus,
1209 3314 1297 3398 quod

346 3432 366 3471 a
387 3410 532 3494 patribus
552 3412 610 3496 qui
634 3412 667 3474 iu
691 3434 728 3474 ea
749 3425 979 3495 praecesserunt
1001 3413 1132 3476 ecclesia
1154 3413 1298 3478 meliores

347 3511 447 3589 nobis,
461 3512 635 3576 admissum
650 3525 708 3587 est,
724 3535 781 3574 nec
802 3512 1016 3597 approbamus
1037 3511 1179 3597 quidem,
1195 3536 1296 3597 quum

345 3634 383 3673 ex
400 3634 438 3674 eo
452 3611 573 3696 liqueat
589 3612 726 3674 maxime
745 3632 871 3673 calisam
893 3611 1026 3695 periculi
1047 3625 1155 3675 natam
1171 3635 1249 3690 esse,
1265 3629 1296 3679 et

345 3710 470 3775 facilem
491 3712 653 3774 materiam
676 3710 806 3796 gravius
828 3711 1047 3795 delinquendi.
1093 3713 1166 3776 Non
1186 3714 1297 3800 itaque

345 3812 431 3897 quod
447 3825 610 3898 peccatum
627 3814 668 3877 sit
685 3834 799 3877 vovere
820 3811 978 3889 sublimia,
994 3812 1049 3876 sed
1064 3814 1142 3899 quia
1157 3817 1297 3881 bumana

345 3915 514 3980 infirmitas
534 3916 681 3981 “nititur
702 3915 734 3979 in
750 3915 883 3979 vetitum
901 3915 1055 3999 semper‚’'
1068 3928 1100 3979 et
1122 3916 1208 4001 quod
1232 3939 1295 3981 non

344 4018 429 4093 licet,
452 4019 546 4084 etiam
568 4042 669 4106 quum
693 4018 896 4083 acerbissime
920 4017 996 4093 urit,
1012 4030 1169 4102 acceptat:
1197 4017 1242 4081 sic
1263 4034 1296 4085 et

343 4121 414 4205 lege
443 4121 519 4185 data
545 4122 736 4186 subintravit
767 4130 799 4183 et
828 4119 934 4203 culpa,
966 4116 1164 4202 factumque,
1189 4130 1225 4181 ut
1249 4120 1295 4183 ait

344 4227 519 4307 apostolus,
547 4245 643 4308 supra
670 4221 800 4284 modum
826 4240 959 4304 peccans
990 4230 1168 4301 peccatum,
1192 4241 1294 4301 quum

344 4321 526 4385 illicitorum
553 4322 762 4405 prohibitioni
785 4320 870 4383 datoe
894 4318 973 4402 legis
994 4317 1123 4381 accessit
1147 4319 1296 4404 praevari-

344 4425 436 4485 catis.
483 4421 628 4483 Viderint
649 4432 792 4484 auctores
806 4431 839 4483 et
854 4419 995 4481 fautores
1012 4419 1197 4502 juramenti,
1214 4419 1293 4503 quid

344 4522 484 4585 iecerint.
544 4520 678 4584 Utinam
708 4530 805 4581 cesset
842 4517 1072 4608 pravaricatio,
1103 4518 1295 4604 castitasque

345 4635 498 4696 servetur,
516 4636 552 4686 ut
571 4643 632 4684 non
648 4644 688 4684 ex
709 4618 974 4704 delinquentium,
989 4616 1295 4705 praesidentiumque

345 4746 510 4803 consensu,
539 4723 689 4808 suscipiat
719 4725 800 4786 vires
830 4733 1009 4807 peccatum,
1040 4731 1071 4781 et
1104 4718 1294 4803 negligentia

346 4826 394 4889 vel
418 4825 538 4889 malitia
559 4823 805 4888 incrementum!
846 4825 895 4885 De
916 4820 970 4884 illo
991 4834 1097 4883 autem
1122 4820 1294 4904 sacerdote,
