3300 6434
503 1231 562 1289 182
761 1245 897 1288 ioannis
912 1243 1188 1289 sanssaanmnsrs
1361 1226 1405 1305 [s.
1423 1245 1455 1288 n.

502 1394 661 1458 ecclesiam
689 1396 729 1459 de
758 1394 957 1458 Renteberia.
1006 1395 1178 1458 Transiens
1204 1407 1311 1458 autem
1335 1393 1375 1458 ad
1403 1395 1459 1458 Li·

503 1495 650 1561 decumb.
663 1510 694 1562 et
709 1497 908 1575 Falesleiam,
919 1519 937 1561 s
947 1497 1132 1584 supradicto
1144 1496 1321 1581 Reginaldo
1331 1497 1459 1561 minime

502 1595 659 1662 admissus
674 1612 732 1664 est.
767 1598 945 1685 implorato
955 1613 1062 1664 autem
1074 1599 1114 1663 nd
1127 1599 1190 1663 viru
1207 1598 1458 1685 propulsandum

503 1699 651 1785 praesidio
676 1700 795 1785 judicis
820 1719 922 1785 quum
950 1701 981 1764 in
1008 1702 1232 1787 possessionem
1260 1700 1459 1766 inducendus

502 1801 676 1879 videretur,
689 1802 900 1889 Baginaldus‚
912 1804 966 1890 qui
977 1805 1045 1889 jam
1062 1804 1286 1890 possessionem
1299 1806 1461 1883 induerat,

503 1904 543 1967 ad
564 1917 702 1970 nostram
726 1905 919 1970 audientiam
941 1906 1123 1992 appellavit.
1171 1906 1232 1969 Die
1251 1905 1353 1991 igitur
1372 1925 1457 1969 aom-

502 2005 619 2091 placita
645 2008 866 2072 assistentibus
890 2007 1037 2094 portibus
1063 2020 1171 2072 nostro
1199 2007 1394 2092 conspectui,
1421 2010 1458 2073 P.

504 2109 653 2186 testibus,
672 2125 705 2175 et
726 2109 945 2174 instrumentis
965 2121 999 2174 et
1022 2110 1141 2174 chamis
1165 2112 1231 2174 Sar.
1254 2109 1406 2195 episcopi,
1425 2122 1457 2173 et

503 2211 684 2277 monasterii
707 2212 998 2276 Ambresberiensis
1020 2212 1212 2278 sufficienter
1232 2212 1388 2288 munitus,
1409 2232 1458 2275 ec·

503 2310 612 2375 clesias
627 2312 668 2376 de
684 2311 883 2377 Lidecumbs
897 2321 930 2378 et
946 2312 1102 2377 Falesleic
1119 2334 1283 2387 sucessor,
1299 2324 1331 2375 et
1352 2334 1385 2375 se
1404 2333 1458 2377 eas

482 2431 560 2499 per
583 2413 622 2477 0.
648 2414 820 2500 possedisse
845 2414 984 2479 dicebat.
1029 2415 1079 2480 Ad
1106 2415 1175 2479 baec
1200 2412 1401 2500 Reginaldus
1423 2436 1457 2480 se

503 2535 556 2578 ess
572 2514 626 2579 diu
651 2523 803 2603 tunquam
828 2534 902 2582 sues
923 2518 1032 2603 quiete
1053 2517 1227 2604 possedisse
1248 2515 1385 2592 dicebat,
1401 2516 1457 2581 aed

504 2614 608 2679 minus
622 2617 812 2681 instructum
830 2618 963 2691 venisse,
979 2638 1077 2705 quum
1098 2617 1318 2682 instrumentis
1339 2629 1372 2680 et
1395 2629 1459 2682 tes·

504 2717 591 2783 tibus
614 2719 810 2783 abundaret:
843 2719 929 2784 unde
954 2721 982 2784 ei
1008 2721 1134 2785 circiter
1156 2741 1292 2805 qnorum
1320 2719 1457 2803 spatium

505 2822 671 2897 mensium,
703 2842 770 2906 quo
806 2841 932 2886 causam
967 2841 1055 2886 suam
1089 2843 1260 2908 procurare
1291 2819 1457 2898 sufficeret,

505 2918 657 2985 duximus
671 2921 915 3007 indulgendum.
962 2924 1034 2999 Quo
1053 2921 1120 2985 fere
1141 2922 1248 3007 elapso
1268 2921 1458 3008 saepedictus

506 3021 704 3106 Raginaldus
719 3023 810 3086 nobis
831 3024 981 3109 apparuit
1003 3024 1112 3086 dicens
1134 3021 1302 3086 secusiam
1319 3035 1456 3087 nostram
1483 3020 1492 3037 ’

506 3121 622 3185 habere
637 3137 826 3209 suspectam,
842 3137 875 3188 et
890 3126 1020 3189 testium
1036 3136 1068 3189 et
1090 3125 1376 3188 instrumentorum
1397 3125 1457 3190 sibi

504 3224 546 3287 ob
568 3224 628 3288 boc
653 3225 762 3290 deesse
788 3230 924 3311 copiam,
947 3228 1034 3313 quod
1061 3240 1135 3291 ante
1160 3225 1268 3290 dictus
1289 3225 1459 3313 Philippus

505 3325 698 3391 domesticus
727 3340 833 3391 noster
863 3341 894 3393 et
921 3341 1077 3413 cognatus
1105 3342 1198 3406 esset,
1222 3341 1254 3390 et
1285 3349 1358 3391 eum
1388 3326 1459 3391 ideo

506 3427 616 3493 multis
645 3452 712 3493 esse
741 3427 925 3495 terribilem.
971 3430 1038 3493 Nos
1067 3443 1172 3494 autem
1204 3427 1306 3514 parati
1331 3448 1458 3491 eramus

505 3531 692 3617 compellere
719 3545 826 3610 testes,
849 3537 877 3599 si
902 3553 984 3619 quos
1009 3530 1151 3610 haberet,
1174 3541 1212 3594 ut
1233 3530 1345 3593 darent
1371 3530 1460 3594 testi-

503 3633 642 3697 monium
670 3634 807 3711 veritati,
830 3648 888 3699 ant
913 3653 1039 3698 eausam
1070 3632 1124 3697 alii
1147 3632 1308 3718 episcopo,
1329 3630 1370 3694 de
1395 3653 1461 3717 quo

507 3734 606 3817 magis
621 3733 825 3816 confiderent,
840 3736 1033 3822 delegarent,
1044 3757 1084 3799 ne
1093 3732 1154 3800 sibi
1164 3748 1272 3798 nostra
1287 3735 1460 3798 auctoritas

506 3833 538 3896 in
558 3833 666 3920 aliquo
688 3836 796 3899 obesse
816 3835 996 3902 videretur:
1020 3836 1089 3923 ipss
1104 3858 1180 3900 vero
1199 3836 1242 3899 ob
1263 3836 1323 3898 hoc
1344 3834 1458 3898 nihilo-

508 3936 621 4013 minus,
651 3933 691 3999 ad
727 3949 864 4001 vestram
899 3936 1063 4024 appellans
1097 3935 1304 4013 audientiam,
1339 3934 1458 3998 festum

505 4040 590 4102 beati
613 4036 752 4103 Andreae
772 4038 996 4103 examinationi
1018 4062 1123 4104 causae
1143 4035 1346 4124 prescripsit.
1392 4036 1459 4100 Nos

506 4142 616 4226 itaque
641 4154 745 4206 vestro
768 4163 828 4227 pro
855 4154 929 4205 voto
949 4155 982 4206 et
1004 4141 1114 4207 debito
1134 4135 1312 4204 deferentes
1333 4136 1460 4213 honori,

507 4242 597 4307 vobis
611 4265 736 4307 causam
753 4242 1011 4322 transmittimus,
1027 4245 1061 4309 id
1077 4242 1179 4308 solum
1194 4238 1406 4328 postulantes,
1421 4252 1459 4302 nt

507 4357 630 4409 servata
652 4350 820 4433 utriusque
839 4347 966 4433 justitia
987 4369 1114 4412 causam
1138 4345 1182 4411 sic
1204 4344 1244 4408 ab
1267 4341 1336 4406 aliis
1356 4340 1460 4405 decidi

503 4447 656 4533 jubeatis,
674 4460 708 4512 ut
723 4448 815 4513 nobis
830 4449 931 4513 omnis
946 4449 1134 4534 suspicionis
1149 4446 1280 4521 occasio,
1297 4458 1328 4510 et
1342 4442 1461 4509 laboris

507 4549 672 4614 necessitas
687 4549 904 4616 subtrahatur.
