3300 6434
302 1128 499 1204 1159-6t.]
692 1145 870 1191 emarcus.
1192 1135 1252 1192 127

301 1295 407 1371 lelmo‚
424 1308 456 1360 et
470 1297 554 1383 patri
574 1296 654 1382 ejus,
670 1317 707 1359 eo
727 1295 814 1381 quod
836 1297 1021 1380 nuptiarum
1042 1296 1200 1362 Willelmi
1220 1311 1252 1362 et

301 1397 456 1461 Adeliciae
470 1410 562 1484 pater
578 1396 727 1461 Albredae
742 1399 874 1460 conviva
890 1395 996 1473 luerit,
1012 1408 1044 1461 et
1059 1397 1252 1462 matrimonii

302 1498 401 1585 hujus
416 1499 673 1584 promptissimus
687 1499 892 1585 approbator.
931 1500 1086 1584 Sponsam
1103 1521 1177 1562 vero
1192 1519 1254 1562 non

300 1623 368 1663 esse
392 1600 572 1685 conjugem,
591 1612 656 1664 tam
680 1598 764 1683 leges
790 1599 982 1685 principum,
1004 1622 1100 1685 quarn
1129 1599 1255 1665 decreta

302 1701 491 1786 pontificum
506 1701 690 1776 ostendunt,
707 1722 806 1785 quum
826 1701 1016 1785 desponsata
1033 1701 1140 1787 puella
1155 1700 1254 1787 possit

303 1803 529 1867 monasterium
543 1803 738 1888 praeeligere,
750 1802 819 1866 viro
830 1801 1042 1879 dissentiente,
1055 1804 1136 1867 sicut
1154 1805 1256 1867 Euse-

304 1903 376 1968 bius
390 1916 503 1969 auctor
517 1919 583 1969 est:
607 1920 639 1969 et
654 1908 739 1989 leges
754 1917 835 1969 teste
856 1906 1014 1990 Gregorio
1034 1905 1153 1970 nullam
1173 1903 1256 1969 inlli-

304 2019 385 2090 gunt
401 2029 528 2093 poenam
544 2029 678 2093 sponsae,
695 2007 721 2070 si
736 2006 776 2069 ad
792 2006 960 2091 collegium
976 2005 1148 2070 evolaverit
1163 2004 1256 2090 puel·

303 2107 377 2175 lare.
425 2111 585 2175 Praeterea
600 2107 783 2195 conjugium
799 2130 862 2171 nou
878 2129 944 2171 esse
964 2107 1152 2194 perfectum,
1169 2106 1257 2192 quod

304 2231 366 2273 non
389 2210 553 2276 confirmat
576 2224 608 2275 et
630 2209 753 2296 perlicit
774 2209 958 2274 commixtio
980 2209 1162 2294 corporalis,
1183 2209 1257 2274 licet

305 2331 326 2374 a
352 2309 455 2396 prima
482 2309 736 2395 desponsationis
765 2307 829 2372 fide
859 2307 985 2372 initium
1016 2309 1177 2374 sortiatur.
1224 2307 1257 2373 Si

305 2433 382 2496 ergo
403 2411 536 2476 initiatis
557 2411 699 2496 perfecta
720 2408 944 2494 praejudicant,
964 2410 1093 2474 omnino
1112 2410 1258 2495 iniquum

306 2528 354 2578 est
369 2527 407 2578 ut
422 2513 678 2599 sponsalitiorum
690 2511 796 2597 pactio
810 2534 885 2574 vero
900 2511 1025 2575 dicatur
1036 2512 1261 2598 praejudicasse

306 2615 464 2702 conjugio.
510 2618 595 2680 Nam
618 2613 787 2678 Evaristus
809 2635 905 2699 papa,
921 2635 1023 2700 quum
1044 2613 1178 2678 formam
1194 2636 1261 2680 ma·

307 2718 448 2782 trimouii
462 2714 681 2790 contrahendi,
697 2728 729 2779 ot
744 2737 867 2778 sacrum
885 2716 995 2795 ritum,
1010 2719 1068 2800 qui
1083 2716 1115 2780 in
1131 2716 1261 2781 ecclesia

307 2832 366 2894 est,
386 2818 564 2904 permiserit
582 2817 779 2902 nuptiarum,
804 2817 850 2880 ita
869 2817 1022 2902 subjecit:
1061 2821 1114 2881 lta
1133 2831 1261 2904 peracta

308 2919 451 3004 legitima
465 2917 576 2984 scitote
590 2941 657 2982 esse
671 2919 842 2998 connubia,
853 2918 944 2982 aliter
960 2941 1035 2981 vero
1051 2932 1261 3004 praesumpta,

309 3042 372 3086 non
393 3021 553 3107 conjugia,
574 3018 627 3083 sed
650 3019 820 3098 adulteria,
839 3034 961 3107 stupra,
976 3025 1027 3085 vel
1042 3021 1259 3098 contubernia,

308 3136 366 3187 aut
380 3122 603 3187 fornicationes
616 3121 725 3208 potius
739 3144 835 3207 quam
851 3125 996 3207 legitima
1014 3123 1163 3209 conjugia
1182 3145 1261 3199 esse,

308 3247 371 3289 non
386 3225 567 3301 dubitatur,
582 3224 642 3288 nisi
656 3224 803 3289 voluntas
818 3226 949 3309 propria
964 3225 1139 3307 suffragata
1152 3222 1262 3300 fuerit,

308 3340 341 3392 et
356 3340 431 3392 vota
446 3340 636 3392 succurrunt
652 3327 804 3413 legitima.
844 3328 890 3389 At
902 3325 1094 3398 Willelmus,
1106 3323 1265 3388 dissoluto

309 3441 404 3513 pacto
419 3429 534 3515 priore,
549 3429 632 3492 sicut
650 3428 735 3504 licet,
751 3427 853 3491 licitas
872 3425 1031 3490 contraxit
1050 3424 1189 3510 nuptias,
1205 3446 1263 3490 nco

310 3549 464 3613 umquam
490 3549 675 3592 eonsensum
703 3525 853 3590 adhibuit
879 3540 914 3588 ut
942 3525 983 3588 ab
1008 3524 1064 3588 illa
1088 3524 1261 3589 diverteret

311 3628 363 3692 cui
378 3627 484 3692 fuerat
499 3626 640 3712 legitime
654 3625 833 3711 copulatus.
878 3625 1063 3691 Divertium
1083 3647 1159 3688 vero
1173 3625 1260 3710 quod

311 3751 385 3814 pars
399 3728 534 3792 adversa
551 3726 673 3813 objicit,
688 3739 743 3790 aut
760 3726 890 3790 omnino
903 3748 965 3789 non
988 3725 1097 3802 luisse,
1120 3740 1177 3791 aut
1199 3747 1262 3790 non

311 3844 396 3896 recte
422 3830 520 3895 luisse
549 3829 753 3894 celebratum.
801 3827 964 3914 Siquidem
995 3852 1096 3915 quum
1122 3829 1263 3914 justitia,

311 3931 465 3996 defuncto
479 3952 554 4017 rege
567 3931 654 4018 pacis
668 3944 819 4009 amatore,
834 3953 853 3992 a
868 3929 957 4014 regni
972 3929 1090 3994 finibus
1109 3932 1266 4005 exularet,

312 4047 345 4098 et
367 4031 577 4099 invalescente
599 4031 708 4096 lurore
728 4030 818 4094 novis
837 4030 1046 4115 gaudentium
1066 4049 1174 4093 omnes
1193 4047 1269 4112 pro-

311 4133 909 4212 vocarenturadomuia,matremsuam
919 4128 1266 4213 Adelitiamnullojure

312 4257 333 4297 a
352 4236 487 4320 conjuge
509 4246 684 4318 separatam
708 4230 853 4306 asseruit,
877 4230 931 4295 sed
956 4232 1109 4294 violenter
1129 4252 1148 4293 a
1170 4228 1266 4292 domo

312 4335 418 4398 mariti
443 4333 603 4398 exclusam
630 4333 748 4416 pariter
775 4344 807 4395 et
834 4333 978 4416 ejectam,
1005 4344 1036 4394 et
1062 4331 1123 4394 hoc
1148 4330 1267 4395 machi·

313 4436 440 4500 natione
461 4432 612 4498 Gaufridi
637 4432 870 4496 londoniensis
892 4432 1116 4510 archidiaconi,
1136 4430 1193 4519 qui
1214 4455 1264 4496 ae·

314 4550 408 4623 cepto
435 4535 540 4624 pretio
569 4557 637 4600 eam
669 4533 875 4615 indefensam,
904 4532 1092 4613 inauditam,
1122 4532 1176 4597 sed
1207 4557 1265 4600 nec

314 4640 389 4704 inde
411 4639 537 4704 citatam
561 4637 686 4702 studuit
708 4636 929 4713 condemnare,
951 4636 1054 4700 fretus
1076 4637 1265 4701 auctoritate

314 4741 434 4806 domini
446 4738 689 4819 Wintouiensis,
699 4736 756 4824 qui
768 4751 799 4802 et
812 4741 891 4823 ipse,
904 4750 941 4800 ut
955 4737 1076 4817 asserit,
1087 4759 1143 4822 per
1158 4737 1269 4802 sordes
