3300 6434
353 1279 462 1353 ilua]
734 1285 912 1334 amaruan.
1237 1272 1302 1336 999

348 1468 421 1510 nem
437 1444 639 1529 perfectionis
654 1442 821 1519 habentes,
832 1442 923 1505 aliter
934 1441 1109 1524 imperfecti
1125 1440 1300 1519 declinant,

347 1548 439 1611 aliter
453 1547 507 1630 qui
522 1544 714 1609 necessitate
735 1555 896 1624 urgentur,
911 1542 1003 1605 aliter
1016 1540 1168 1627 expediti.
1214 1540 1297 1606 Nam

346 1649 505 1733 perlectus
517 1645 597 1708 nulli
612 1665 762 1727 umquam
778 1643 1057 1707 excommunicato
1072 1643 1299 1717 communicat,

346 1769 406 1812 nec
422 1748 452 1811 ei
466 1748 499 1809 in
517 1747 604 1808 verbi
620 1744 821 1822 commercio,
837 1743 914 1827 quin
930 1743 959 1805 ci
975 1742 1141 1806 denuntiet
1158 1744 1299 1826 culpam,

348 1868 446 1935 quara
467 1848 573 1931 ipsum
588 1857 734 1930 oporteat
747 1846 877 1909 evitari:
908 1855 1027 1927 quanto
1048 1845 1149 1923 magis
1167 1865 1242 1926 ergo
1264 1844 1297 1907 in

347 1970 457 2011 mensa
469 1949 517 2010 rel
534 1948 566 2009 in
584 1946 733 2023 ecclesia,
747 1958 780 2007 et
794 1942 972 2007 similibus?
998 1944 1095 2008 Unde
1108 1945 1269 2007 Helisaeus
1281 1964 1301 2008 a

346 2070 420 2131 rege
431 2048 518 2112 Juda
526 2068 621 2131 super
630 2047 720 2110 exitu
730 2044 945 2129 expeditionis
955 2057 1140 2123 conventus,
1148 2057 1182 2108 et
1191 2046 1300 2109 Joram

346 2170 419 2232 rege
436 2151 543 2227 lsrael,
555 2170 650 2233 quem
666 2158 795 2211 noverat
815 2165 886 2209 esse
901 2146 1110 2223 idololatram,
1125 2145 1300 2231 respondit,

355 2254 439 2315 Vivit
462 2251 633 2326 Dominus,
647 2253 684 2311 in
699 2249 793 2331 cnjus
811 2256 983 2330 correpertu
1004 2256 1063 2325 sto,
1077 2248 1164 2331 qnod
1182 2252 1213 2311 si
1234 2270 1300 2312 raon

345 2354 469 2416 cultum
485 2352 646 2432 Joaupbat
665 2353 750 2430 reyis
763 2350 863 2412 duda
880 2350 1104 2427 erubescerem,
1119 2370 1178 2413 nec
1192 2358 1301 2413 atten-

347 2455 462 2517 dissem
478 2453 608 2538 quidem
625 2460 668 2527 te,
683 2472 741 2514 nec
757 2452 977 2531 reaperirrem.

389 2553 479 2617 Ecce
502 2555 580 2636 quia
601 2551 767 2635 propheta,
781 2552 816 2614 in
838 2552 1042 2634 perfectionis
1064 2549 1166 2632 gradu
1179 2551 1300 2615 consti·

348 2663 443 2731 tutus,
456 2655 498 2717 ob
511 2652 639 2716 alterius
653 2653 871 2727 reverentiam,
882 2653 1097 2715 necessarium
1109 2651 1198 2734 quod
1213 2673 1298 2735 quar·

346 2756 483 2830 rebatur,
503 2752 619 2816 dirime
635 2754 817 2830 voluntatis,
837 2754 984 2837 quamvis
1002 2753 1179 2817 idololatra
1194 2754 1302 2837 culpa,

346 2867 382 2919 ut
396 2855 547 2939 oportuit,
564 2854 759 2931 denuntiata,
774 2854 925 2918 revelarit
939 2874 1101 2917 arcanum.
1141 2852 1298 2918 Naamam

315 2978 317 2982 ’
346 2978 420 3020 raro
435 2957 544 3038 Syrus,
559 2955 618 3017 etsi
635 2966 763 3018 curatus
786 2978 804 3017 a
826 2956 926 3037 lepra,
942 2968 975 3018 et
988 2976 1097 3018 rerum
1123 2956 1299 3019 Dominum

346 3075 535 3136 agnoscens,
558 3065 591 3117 et
611 3053 780 3130 confitens,
794 3056 916 3116 nullum
939 3054 1143 3138 perfectionis
1164 3056 1298 3135 gradum

346 3166 522 3231 assecutus,
543 3153 584 3218 de
610 3166 719 3218 sancta
741 3165 822 3217 terra
848 3153 983 3217 duorum
1009 3153 1189 3218 burdonum
1215 3177 1299 3220 onus

348 3255 494 3319 deferens
519 3275 639 3332 secum,
664 3256 705 3318 ab
731 3254 846 3318 eodem
873 3255 1016 3318 Helisaeo
1037 3255 1189 3334 obtinuit,
1211 3268 1248 3320 ut
1268 3258 1298 3321 ei

347 3358 543 3422 orationibus
565 3356 700 3419 Domini
722 3357 781 3433 sui,
804 3355 893 3440 quod
915 3376 957 3418 ex
982 3351 1173 3422 necessitate
1199 3359 1299 3421 officii

346 3459 532 3541 cogebatur,
552 3459 663 3521 liceret
684 3457 843 3534 assistere,
860 3467 892 3521 et
915 3458 978 3520 Dei
1000 3458 1131 3539 gratiam
1153 3479 1218 3521 non
1243 3458 1299 3523 de·

345 3562 469 3625 mereri.
505 3560 560 3621 Ait
574 3558 671 3636 enim,
684 3557 823 3625 Quando
837 3558 1024 3638 inqredr'tur
1038 3557 1199 3621 Dominus
1209 3580 1300 3623 meua

347 3661 502 3742 templum
518 3659 675 3721 Remum
688 3665 727 3720 nt
747 3658 872 3733 adoret,
886 3664 920 3719 et
940 3658 997 3719 itto
1018 3660 1180 3721 innitente
1200 3681 1299 3741 saper

346 3782 481 3824 manum
502 3780 619 3836 meam,
636 3761 666 3821 si
686 3759 861 3822 adoravero
882 3779 955 3821 cum
978 3780 1014 3821 eo
1035 3762 1070 3821 in
1092 3761 1201 3823 eodem
1224 3764 1301 3842 loco,

340 3883 459 3944 precor
470 3870 507 3925 ut
518 3864 662 3943 iqnoscat
676 3863 759 3924 mibi
770 3862 1028 3925 Domirrnsaeruo
1038 3883 1095 3926 aaa
1105 3884 1170 3946 pra
1180 3866 1243 3929 bac
1252 3888 1297 3930 re.

346 3964 508 4049 Dixitque
542 3964 711 4027 Heliseus:
765 3964 851 4028 Vade
880 3964 915 4026 in
948 3984 1041 4044 pace.
1095 3966 1188 4031 Patet
1220 3966 1297 4032 hinc

345 4075 504 4150 quatenus
517 4065 720 4148 imperfectos
735 4073 827 4146 urget
841 4064 999 4130 interdum
1018 4068 1194 4131 reverentia
1214 4068 1297 4149 pub·

344 4168 416 4232 licie
431 4168 612 4251 potestatis.
656 4167 711 4230 Ex
727 4167 846 4249 quibus
861 4163 949 4250 quod
963 4166 1020 4229 tibi
1035 4166 1138 4229 ausim
1152 4166 1296 4248 suadere,

345 4269 475 4351 colligo,
485 4280 521 4333 ut
535 4269 562 4332 si
575 4269 726 4353 praelatus
737 4266 983 4331 archidiaconus
995 4277 1083 4330 tuum
1094 4269 1163 4330 vult
1177 4266 1297 4334 habere

346 4370 552 4447 consortium,
567 4367 702 4434 accedas
716 4368 756 4431 ad
770 4370 877 4451 ipsum
894 4369 1116 4452 exploraturus
1137 4384 1297 4452 quatenus

347 4468 434 4554 apud
448 4470 552 4553 ipsum
567 4469 674 4553 possis
688 4469 854 4553 proficere,
869 4480 902 4532 et
920 4468 950 4531 ei
973 4468 1060 4552 quod
1081 4468 1164 4533 fides
1186 4472 1298 4555 exigit,

348 4572 551 4650 familiariter,
574 4583 607 4634 et
631 4571 665 4635 in
691 4591 766 4634 aure
792 4569 973 4643 denunties,
998 4583 1034 4634 ut
1058 4573 1237 4636 meminerit
1262 4596 1297 4640 sa

349 4671 566 4737 Christianum
589 4693 671 4748 esse,
694 4686 727 4736 et
747 4670 938 4735 sententiam
962 4691 1026 4755 qua
1050 4672 1224 4738 innodatus
1249 4688 1298 4742 est

348 4784 500 4851 vereatur,
512 4786 544 4837 et
557 4794 624 4857 prm
639 4774 789 4838 omnibus
803 4773 990 4837 mortalibus
1005 4774 1114 4840 timeat
1127 4776 1229 4853 illum,
1240 4782 1295 4863 qui

348 4886 454 4960 potest
468 4896 584 4960 corpus
599 4885 632 4939 et
647 4876 783 4939 animam
801 4875 923 4939 mittere
938 4876 972 4937 in
991 4877 1180 4956 geliennam.
1227 4882 1296 4945 Uti.
