3300 6434
429 1232 473 1291 40
689 1243 826 1291 soanrus
843 1244 1124 1291 saansnnmanms
1304 1224 1348 1304 [a.
1365 1239 1397 1285 u.

432 1415 572 1478 aeneam,
583 1398 757 1484 episcopos,
767 1394 901 1461 dilectos
912 1395 994 1460 iiiios
1007 1409 1141 1472 vestros,
1156 1417 1212 1480 per
1227 1398 1394 1458 Sorensem

434 1508 467 1561 et
484 1497 839 1563 winchelcumbensem
858 1497 990 1562 abbates
1004 1497 1046 1561 ad
1061 1520 1118 1561 vos
1134 1493 1392 1571 transmittimus,

431 1600 464 1664 in
480 1604 599 1666 virtute
621 1598 812 1664 obedientiae
835 1621 894 1685 pro
908 1597 1098 1663 auctoritate
1118 1598 1294 1685 apostolica
1308 1618 1392 1683 prae-

435 1700 595 1788 cipientes,
616 1714 652 1766 ut
675 1723 784 1764 eorum
807 1700 939 1764 consitio
960 1701 1106 1784 proxima
1130 1698 1298 1763 Dominica
1319 1710 1390 1781 poet

435 1802 552 1866 festum
570 1806 601 1868 S.
622 1803 755 1869 ioannis
769 1801 924 1887 Baptista
939 1801 1064 1887 eligatis
1080 1801 1170 1866 vobis
1183 1800 1215 1863 in
1231 1800 1392 1875 abbatem,

435 1902 1166 1989 personamreligiosam‚litteratam‚habentem
1177 1903 1295 1966 bonum
1306 1900 1393 1966 testi·

435 2007 576 2069 monium
600 2006 641 2070 ab
663 2004 714 2069 his
737 2005 792 2091 qui
816 2004 893 2068 ioris
915 2017 1001 2081 sunt,
1024 2005 1080 2092 qui
1104 2018 1234 2069 auctore
1252 2003 1391 2068 Domino

433 2128 570 2192 praeesse
585 2106 697 2182 valeat,
713 2120 745 2171 et
759 2106 917 2192 prodesse.
950 2106 983 2170 Si
998 2130 1075 2170 vero
1091 2106 1390 2193 praenominatorum

433 2208 567 2273 fratrum
591 2209 728 2293 aliquem
750 2208 856 2271 animo
878 2222 910 2272 et
931 2231 1063 2295 corpore
1083 2209 1192 2272 abesse
1209 2206 1389 2291 contigerit,

433 2308 638 2373 nibilominus
652 2307 795 2371 obtineat
817 2307 903 2394 apud
921 2331 977 2371 vos
996 2308 1162 2373 consitium
1181 2307 1388 2394 reliquorum.

434 2409 559 2474 Scimus
573 2422 680 2473 autem
693 2408 780 2495 quod
797 2422 862 2473 tam
875 2409 1033 2494 religioso,
1045 2422 1109 2475 tam
1126 2409 1246 2475 salubri
1258 2408 1388 2474 consilio

349 2552 352 2558 -
434 2520 595 2595 gratanter
618 2515 810 2597 acquiescet,
838 2512 985 2598 quisquis
1008 2513 1040 2576 in
1068 2513 1158 2577 vobis
1184 2534 1245 2575 non
1270 2510 1387 2597 quaerit

434 2634 507 2697 quae
529 2635 586 2677 sua
609 2625 695 2689 sunt,
711 2612 766 2676 sed
788 2636 862 2697 quae
876 2617 953 2680 Jesu
975 2613 1106 2678 Christi.
1153 2613 1287 2677 Illorum
1311 2635 1386 2677 vero

433 2735 542 2778 vocem
563 2715 690 2779 omnino
712 2738 915 2799 evacuamus,
932 2717 989 2802 qui
1013 2729 1122 2780 sancto
1141 2716 1275 2802 Spiritui
1296 2714 1390 2780 resis-

431 2824 533 2879 tentes
558 2838 576 2879 a
602 2816 840 2902 praenominatis
868 2816 1023 2881 fratribus
1052 2817 1093 2880 ad
1124 2816 1184 2881 hoc
1209 2815 1387 2895 destinatis,

431 2914 633 2981 invenientur
651 2939 751 2993 suam,
771 2929 803 2982 et
825 2918 972 2993 aliorum,
993 2933 1151 3004 quantum
1174 2918 1205 2981 in
1227 2917 1305 3004 ipsis
1324 2931 1384 2993 est,

433 3018 585 3104 impedire
601 3017 751 3083 salutem:
779 3042 836 3083 nec
853 3020 892 3082 ad
915 3020 1078 3084 dominum
1100 3043 1205 3103 regem
1223 3043 1256 3083 se
1275 3019 1384 3084 credat

431 3119 547 3207 aliquis
572 3135 712 3186 vestrum
738 3122 855 3186 habere
884 3122 1083 3207 confugium,
1107 3122 1184 3208 quia
1213 3123 1241 3186 ei
1272 3122 1384 3187 salutis

431 3235 544 3288 vestrae
559 3222 670 3288 dilatio
690 3223 822 3288 molesta
841 3223 913 3298 erit,
929 3224 986 3310 qui
1009 3225 1110 3301 vobis,
1127 3247 1165 3288 ne
1186 3224 1381 3301 differretur,

428 3324 460 3387 in
477 3323 536 3388 hac
550 3337 641 3411 parte
656 3324 811 3389 commisit
829 3324 911 3389 vices
926 3348 1007 3389 suas.
1054 3325 1175 3391 Valetc.

472 3641 692 3705 EPISTOLA
717 3642 1001 3706 xxxvnu-io
1016 3660 1194 3706 annianum
1211 3659 1330 3706 aaran.

688 3785 828 3845 Domino
842 3783 949 3865 Papoe
966 3784 1120 3847 Adriano.

472 3933 644 3996 Dnecws
674 3929 760 3995 filius
794 3946 900 3996 noster
931 3935 972 3995 R.
1009 3945 1120 3995 cantor
1150 3932 1381 3996 Linoolniensis

427 4032 576 4109 ecclesiae,
593 4037 642 4098 vir
662 4033 840 4098 litterarum
862 4033 1052 4107 eruditione,
1068 4042 1100 4095 et
1121 4053 1244 4095 morum
1268 4031 1378 4096 hones

427 4145 493 4199 tate
509 4133 688 4208 laudabilis,
705 4148 839 4218 urgente
861 4133 1054 4200 necessitatis
1076 4130 1222 4208 articulo,
1238 4132 1279 4195 ad
1301 4131 1379 4217 lapi-

426 4234 498 4298 dem
522 4233 685 4316 adjutorii,
708 4258 916 4299 successorem
938 4233 1026 4298 Petri
1048 4233 1220 4319 coningere
1242 4231 1378 4317 cogit-ur,

426 4349 458 4400 et
473 4336 556 4399 sedis
578 4335 759 4419 apostolicae
781 4337 937 4401 auxilium
960 4335 1141 4422 implorare,
1157 4333 1245 4420 quod
1269 4333 1322 4397 iila
1346 4333 1377 4396 in

425 4436 604 4500 exhibenda
615 4438 743 4523 justitia
757 4440 922 4504 consuevit
937 4439 1085 4504 omnibus
1101 4437 1268 4524 impertiri.
1297 4440 1379 4501 Can-

426 4561 490 4601 sam
512 4540 592 4623 ejus,
611 4541 670 4603 etsi
690 4539 782 4603 nubis
804 4539 844 4603 ad
869 4537 998 4624 plenum
1022 4563 1083 4603 non
1105 4540 1237 4624 iiqueat‚
1255 4541 1377 4624 justam

424 4661 491 4702 esse
506 4639 710 4704 confidimus:
740 4663 796 4703 nec
811 4662 885 4703 eum
901 4664 943 4703 ex
962 4640 1153 4703 conscientia
1167 4639 1327 4704 credimus
1346 4641 1378 4701 in

425 4738 580 4803 laesionem
594 4741 725 4804 alterius
737 4738 916 4821 transgredi
928 4739 1041 4801 lineam
1053 4738 1225 4822 aequitatis.
1250 4736 1381 4822 Suppli-

423 4858 530 4900 camus
551 4838 657 4922 itaque
681 4836 847 4921 Majestati
868 4849 992 4915 vestrae,
1008 4849 1043 4899 ut
1069 4857 1234 4919 personam
1257 4837 1336 4918 ejus,
1354 4835 1378 4895 si
