3300 6434
345 1260 406 1319 146
593 1270 730 1315 rosurus
744 1268 1020 1315 sanasssnrsusrs
1199 1254 1247 1329 [a.
1264 1272 1298 1316 n.

347 1423 479 1487 effectus
503 1434 612 1485 autem
640 1419 800 1483 Dominus
829 1419 1025 1506 procurabit.
1070 1420 1157 1497 Quid
1182 1419 1224 1483 dc
1251 1443 1302 1484 me

342 1523 457 1599 dicam,
472 1522 528 1610 qui
541 1536 630 1587 totus
644 1534 746 1585 cester
761 1543 843 1599 sum,
857 1530 890 1583 et
904 1519 1054 1585 illorum?

387 1628 438 1691 De
463 1639 579 1688 caetero
609 1621 791 1687 liberalitati
818 1636 932 1686 vestrae
961 1644 1021 1707 pro
1046 1622 1186 1708 epistolis
1211 1622 1298 1687 beati

346 1725 502 1791 Bernardi
524 1726 644 1807 gratias
666 1746 737 1808 ago,
761 1721 903 1808 antiquis
921 1721 1067 1786 insistens
1086 1723 1247 1810 precibus,
1266 1736 1303 1788 ut

344 1826 437 1891 flores
460 1826 627 1889 verborum
648 1826 719 1908 ejus
740 1846 823 1910 qnos
845 1823 1032 1909 conquirere
1055 1824 1200 1911 poteritis
1223 1825 1302 1888 mihi

345 1924 513 1991 transcribi
536 1923 671 2001 faciatis,
694 1937 726 1988 et
757 1924 783 1985 si
807 1922 887 2008 quid
914 1923 1100 2009 hujusmodi
1128 1924 1216 2009 apud
1247 1946 1303 1988 vos

348 2040 495 2114 paratum
511 2039 569 2104 est,
584 2011 643 2110 por
659 2040 782 2089 nostros
797 2024 927 2088 nuntios
941 2024 1105 2091 afferatur.
1146 2029 1302 2091 Praeterea

347 2130 431 2195 beati
449 2127 568 2211 sigulfi
585 2126 661 2191 mihi
673 2127 808 2212 pignora
822 2126 1021 2212 promisistis,
1035 2129 1086 2193 cui
1102 2128 1178 2192 satis
1192 2145 1302 2214 gratu·

347 2232 406 2297 lari
422 2254 484 2295 non
500 2251 649 2316 possum;
674 2228 728 2292 sed
740 2227 814 2293 licet
830 2228 907 2291 milri
919 2232 1055 2293 sufficiat
1070 2231 1173 2314 gratia
1187 2244 1303 2308 vestra,

347 2347 470 2418 precor,
491 2331 515 2394 si
538 2330 606 2393 fieri
629 2341 744 2415 potest,
760 2344 797 2393 ut
820 2328 862 2393 de
884 2328 1028 2414 reliquiis
1043 2330 1146 2395 beatae
1167 2333 1303 2407 Savinae,

347 2431 508 2508 Memorii,
524 2432 551 2493 F
554 2430 724 2504 rodoberti,
742 2444 773 2495 et
790 2431 936 2507 aliorum,
952 2453 1089 2514 quorum
1106 2454 1187 2516 pane
1202 2434 1303 2498 nutri·

348 2550 402 2597 tus
427 2555 510 2608 sum,
537 2555 594 2618 per
620 2532 746 2597 eosdem
774 2533 854 2597 mihi
885 2532 1027 2597 mittatis.
1072 2534 1166 2611 Quod
1195 2550 1303 2599 autem

346 2630 532 2716 hujusmodi
562 2630 645 2695 mitti
680 2630 848 2716 placuerit,
876 2623 973 2694 manti
1002 2642 1108 2694 vestra
1141 2632 1300 2716 signatum

254 2774 263 2792 .
346 2731 493 2797 tradatur
518 2731 648 2807 nuntiis,
671 2744 704 2796 et
725 2730 905 2799 litterarum
930 2746 1105 2798 vestrarum
1128 2756 1304 2820 prosequu-

347 2833 432 2898 tione
448 2833 505 2897 liat
519 2832 749 2897 authenticum.

347 3134 569 3199 EPISTOLA
597 3134 845 3197 XCVlIl.-sn
860 3153 1043 3199 usnnrcnu
1060 3155 1162 3201 serso.
1178 3157 1303 3201 wmro-

625 3251 776 3296 umusau
796 3232 842 3312 [s.
859 3254 889 3297 n.
910 3236 1018 3316 1152]

554 3390 698 3453 Henrico
711 3393 853 3475 episcopo
873 3393 1093 3457 Wintom'ensi.

391 3524 486 3600 Quor
511 3534 543 3586 et
573 3535 695 3607 quanta
723 3523 807 3586 mala
832 3523 974 3590 ecclesiis
999 3524 1119 3590 Christi
1148 3544 1297 3612 procuret

347 3624 481 3710 pastoris
496 3623 649 3699 absentia,
661 3624 719 3688 etsi
735 3640 829 3689 antea
850 3626 942 3690 nobis
957 3627 1070 3692 fuisset
1092 3626 1302 3714 incognitum,

345 3747 385 3787 ex
415 3724 482 3787 solo
507 3726 769 3809 peregrinationis
799 3740 920 3792 vestroe
945 3728 1113 3814 dispendio
1138 3731 1302 3816 potuimus

344 3821 501 3886 didicisse.
547 3825 714 3888 Biennium
731 3824 814 3888 enim
831 3840 934 3891 estex
958 3851 1024 3913 quo
1039 3829 1140 3894 fames
1156 3831 1253 3916 coepit
1267 3830 1300 3893 in

345 3939 429 3987 terra
444 3933 558 4000 vestra,
573 3944 634 3985 non
659 3924 809 4007 equidem
832 3925 932 3989 fames
948 3926 1148 4006 victualium,
1163 3952 1300 4015 quorum

344 4021 489 4087 satietate
500 4043 519 4082 a
530 4025 619 4085 cultu
634 4023 764 4087 Domini
775 4024 942 4101 avertitur,
955 4040 987 4089 et
1001 4030 1191 4114 plerumque
1203 4031 1300 4094 recal-

344 4124 438 4189 citrat
450 4121 589 4208 populus
605 4126 808 4202 incrassatus,
820 4125 1053 4212 impinguatus,
1068 4127 1232 4204 dilatatus,
1244 4131 1300 4194 sed

342 4227 442 4291 sames
466 4224 617 4288 audiendi
641 4225 774 4289 verbum
800 4226 942 4291 Domini.
988 4226 1118 4291 Parvuli
1141 4229 1298 4313 siquidem

341 4327 503 4415 petierunt
516 4346 641 4411 panem,
654 4339 686 4389 et
700 4349 762 4390 non
774 4341 841 4391 erat
854 4328 911 4413 qui
922 4326 1082 4413 frangeret
1093 4330 1150 4393 eis.
1175 4330 1208 4393 Si
1221 4353 1299 4415 ergo

340 4429 380 4492 ad
392 4428 529 4513 aliquem
543 4426 717 4490 vicinorum
731 4428 813 4490 solos
824 4428 980 4515 evangelii
992 4442 1054 4493 tres
1067 4452 1173 4515 panes,
1188 4430 1297 4495 domni

340 4543 453 4594 vestrae
484 4527 664 4592 mutuaturi
698 4527 889 4607 accedimus,
918 4531 1111 4595 creditorum
1146 4531 1300 4596 continuo

341 4628 530 4693 sustinemus
559 4626 776 4704 difficultates,
805 4650 842 4689 en
871 4651 904 4691 se
934 4630 1026 4716 copia
1055 4614 1297 4695 excusationum

339 4728 483 4812 opponit,
506 4737 542 4789 ut
564 4725 636 4789 liliis
658 4725 899 4812 quiescentibus
921 4728 952 4791 in
975 4729 1085 4806 cubili,
1109 4729 1149 4794 ad
1179 4734 1301 4816 impor,

340 4829 507 4893 tunitetem
531 4844 669 4894 nostram
692 4830 745 4893 vix
768 4843 878 4913 surgat
901 4830 1029 4917 aliquis,
1044 4847 1076 4899 et
1100 4835 1221 4921 aperiat
1245 4836 1296 4899 vel
