3300 6434
505 1237 565 1298 lot
753 1251 889 1295 sossius
906 1248 1185 1294 sunssusnrsnsrs
1361 1227 1405 1310 [s.
1424 1246 1455 1292 o.

499 1404 531 1466 in
548 1402 658 1488 aliquo
672 1400 808 1485 gratiam
824 1401 895 1483 ejus
910 1398 1065 1474 demerui,
1081 1398 1294 1462 satisfactione
1313 1420 1455 1482 congrus

471 1542 473 1545 ⁴
496 1503 626 1567 eandem
642 1502 721 1566 mihi
736 1501 830 1565 liceat
846 1502 1029 1586 promereri,
1048 1518 1081 1566 et
1102 1499 1217 1564 exinde
1236 1500 1400 1564 honestius
1421 1511 1454 1562 et

497 1605 640 1682 liberius,
657 1603 705 1666 vel
721 1605 824 1686 gratia
834 1603 1023 1680 litterarum,
1035 1601 1085 1665 vel
1100 1600 1308 1685 occupatione
1319 1600 1453 1665 alterius

498 1703 610 1781 studii,
625 1716 725 1769 tantoe
740 1703 961 1776 sollicitudini,
984 1703 1158 1779 laboribus,
1174 1701 1407 1787 suspicionibus
1422 1712 1455 1764 et

500 1805 651 1894 periculis
666 1806 838 1891 meipsum
854 1805 1041 1869 subtrahere
1057 1817 1180 1890 potero.
1212 1806 1307 1867 Nunc
1319 1802 1414 1878 enim,
1430 1801 1457 1865 si

498 1908 578 1994 quid
602 1920 686 1971 recte
709 1906 776 1980 fiat,
799 1905 874 1979 alii;
898 1905 923 1969 si
946 1904 1026 1991 quid
1043 1907 1137 1985 male,
1159 1904 1237 1969 mihi
1253 1903 1456 1968 adscribitur.

501 2008 575 2073 Nou
591 2022 637 2073 est
651 2007 771 2070 malum
793 2007 827 2070 in
848 2006 977 2071 civitate
992 2006 1080 2093 quod
1102 2029 1164 2091 ego
1184 2027 1249 2070 oon
1265 2005 1390 2084 faciam,
1406 2025 1456 2067 me

501 2109 585 2174 forte
605 2110 770 2172 excusabit
791 2108 1045 2172 commodissime
1065 2109 1211 2172 absentia
1230 2129 1311 2183 mea,
1327 2118 1364 2170 ut
1386 2106 1458 2192 ejus

500 2214 642 2275 animum
665 2209 791 2273 facilius
818 2209 945 2295 possitis
967 2209 1127 2274 inclinare.
1172 2210 1313 2274 Litteras
1334 2205 1455 2271 domini

500 2333 593 2397 papae
615 2332 674 2394 pro
696 2331 747 2371 me
768 2309 921 2373 facientes
942 2308 1104 2375 dilectioni
1128 2321 1241 2375 vestroe
1263 2307 1456 2383 transmitto,

502 2433 583 2498 ques
606 2412 630 2474 si
653 2410 770 2496 placet,
793 2410 871 2474 mihi
894 2410 1019 2475 restitui
1050 2412 1193 2477 faciatis:
1217 2435 1269 2475 eas
1291 2409 1369 2473 mihi
1391 2409 1458 2473 sine

501 2512 656 2598 rescripto
671 2533 733 2574 non
749 2525 883 2597 rogatus
897 2511 1008 2577 attulit
1025 2513 1156 2578 nuntius
1170 2512 1290 2576 domini
1307 2510 1454 2577 Eliensis.

499 2614 596 2678 Hanc
610 2613 729 2677 domini
747 2636 838 2700 pcpae
854 2615 1038 2699 petitionem
1054 2616 1203 2679 dominus
1213 2613 1454 2679 cantuariensis

502 2714 618 2779 litteris
633 2713 699 2778 suis
715 2716 933 2800 prosequitur.

547 2820 598 2881 De
613 2830 727 2881 caetero
744 2839 850 2880 rerum
864 2830 1038 2884 vestrarum
1056 2841 1106 2882 me
1120 2840 1227 2883 curam
1243 2817 1359 2881 habere
1375 2838 1456 2902 proe-

502 2916 646 3002 cepistis:
677 2917 778 2980 libens
803 2940 911 3003 pareo,
938 2919 1033 2983 etiam
1061 2921 1118 2985 uhi
1143 2942 1206 2984 non
1233 2918 1358 3005 proficit
1379 2940 1457 2981 cura

502 3038 583 3082 mea.
629 3019 789 3082 Dominus
803 3031 910 3082 noster
924 3024 1128 3106 propriarum
1149 3020 1350 3085 ecclesiarum
1366 3018 1457 3081 vobis
1568 3046 1570 3050 ·

504 3118 649 3182 subtrahi
665 3120 817 3205 praecepit
832 3120 998 3185 auxilium.
1035 3122 1270 3187 Resistentibus
1285 3120 1361 3184 mihi
1377 3118 1458 3194 aliis,

504 3219 626 3284 frustra
652 3234 762 3285 contra
786 3234 959 3287 torrentem
986 3224 1090 3289 direxi
1116 3223 1246 3287 brachio
1272 3244 1350 3284 mea.
1398 3223 1461 3283 Vos

503 3335 610 3387 autem
631 3344 727 3408 super
747 3322 816 3388 haec
837 3325 866 3387 ei
888 3324 1060 3389 rescribite.
1104 3326 1156 3388 De
1176 3333 1261 3387 statu
1278 3320 1403 3396 insulae,
1425 3334 1458 3384 et

504 3426 604 3490 curiae
618 3425 828 3490 familiaribus
843 3427 934 3491 vohis
947 3427 1043 3512 plura
1060 3426 1196 3490 scrihere
1217 3447 1335 3499 vercor,
1351 3444 1455 3507 quum
1550 3504 1553 3510 ,

505 3550 562 3614 per
583 3528 734 3593 invidiam
751 3528 903 3605 fortunae,
924 3526 1104 3592 litterarum
1119 3549 1260 3591 mearum
1276 3525 1359 3602 aliae,
1379 3526 1456 3588 inci-

504 3627 583 3693 dant
598 3629 630 3693 in
646 3629 795 3709 latrones,
810 3629 881 3693 slioe
897 3629 1099 3715 naufragium
1114 3628 1288 3714 potiantur,
1302 3627 1373 3692 aliae
1387 3648 1462 3690 meo

506 3729 674 3816 dispendio
696 3755 729 3794 sc
753 3732 958 3817 impudenter
979 3732 1160 3819 principum
1183 3731 1283 3795 oculis
1301 3734 1457 3817 ingerant.

505 3828 544 3893 ln
568 3829 618 3894 his
639 3844 757 3905 tamen,
778 3844 810 3893 et
833 3830 914 3905 aliis,
935 3831 1017 3916 quid
1039 3853 1090 3895 me
1111 3842 1256 3917 oporteat
1276 3832 1390 3906 facere,
1411 3853 1459 3893 re-

506 3931 657 3998 scribetis.

506 4156 728 4218 EPlSTOLA
753 4153 964 4218 extu-sn
979 4172 1184 4216 usrrnnuu
1200 4172 1458 4216 rsncsuronsn

752 4272 985 4318 ssuonsnssu.
1006 4254 1084 4334 [nn.
1105 4254 1212 4333 11⁵9]

693 4394 853 4454 Muttlraeo
868 4391 1063 4454 Proceotorr'
1078 4391 1270 4456 Senonerrsi.

551 4527 684 4601 Muros,
705 4524 815 4601 amice,
838 4536 870 4586 et
897 4522 1000 4603 doleo,
1022 4524 1047 4586 si
1071 4523 1219 4588 dominus
1245 4547 1330 4611 papa
1355 4525 1459 4589 indul-

504 4624 620 4711 gentiae
644 4647 710 4687 suae
733 4624 919 4688 beneficium
939 4624 1107 4698 revocarit,
1123 4637 1156 4689 et
1171 4638 1203 4690 te
1225 4624 1351 4689 illorum
1375 4649 1456 4710 prae-

505 4727 591 4810 cepit
614 4726 720 4790 subire
741 4725 902 4810 judicium
928 4728 985 4811 qui
1009 4726 1066 4789 tibi
1091 4729 1204 4790 merito
1234 4740 1365 4813 possunt
1389 4750 1456 4789 esse

505 4828 656 4910 suspecti,
673 4841 705 4890 et
728 4827 849 4910 absque
872 4849 1019 4910 suprema
1041 4841 1072 4890 et
1089 4828 1155 4891 fere
1177 4828 1352 4892 invincibili
1376 4826 1458 4890 difli-
