3300 6434
407 1255 472 1315 ³26
667 1262 803 1311 Josusrs
818 1264 1095 1311 saussnsnrnssrs
1274 1248 1328 1329 [a.
1347 1267 1376 1310 u.

414 1430 522 1504 pertus
536 1420 599 1483 hoc
614 1420 740 1502 loquor,
755 1428 787 1481 et
806 1418 919 1500 paneis
936 1418 1109 1494 obnoxius,
1125 1419 1246 1502 quibus
1260 1416 1379 1500 utique

412 1532 501 1585 tanto
516 1520 644 1585 arctiori
652 1519 782 1584 vinculo
795 1518 955 1599 obligatus
970 1541 1053 1597 sum,
1062 1530 1183 1603 quanto
1199 1518 1376 1583 sinceritas

413 1623 490 1686 fidei
506 1643 612 1686 eorum
628 1620 792 1706 probatior
806 1641 849 1683 ex
864 1621 1043 1704 perspicuis
1057 1619 1188 1685 indiciis
1204 1622 1376 1697 enitescit3

413 1724 470 1787 sed
483 1725 518 1786 in
535 1723 645 1807 primis
664 1723 777 1785 horum
800 1722 895 1786 nobis
914 1722 1027 1785 merita
1041 1732 1146 1786 restra
1166 1723 1372 1805 precipuum

413 1824 531 1888 dedere
552 1824 671 1902 locum,
685 1836 717 1886 et
733 1828 760 1886 si
781 1824 840 1886 illa
858 1819 1071 1886 discutiantur
1092 1822 1134 1885 ad
1157 1844 1288 1907 purum,
1299 1821 1374 1906 jure

413 1937 447 1990 et
473 1925 587 1989 merito
617 1925 753 1988 dixerim
780 1925 928 2009 primum.
980 1925 1088 1988 Multa
1113 1934 1189 1988 sunt
1218 1923 1311 1988 enim
1339 1936 1372 1988 et

412 2048 539 2110 magna,
555 2038 587 2089 et
601 2025 686 2089 unde
702 2027 881 2089 clarescunt
903 2026 1005 2108 megia
1024 2026 1205 2089 necessaria
1219 2047 1322 2110 saepe,
1335 2024 1374 2089 ut

413 2151 547 2214 querum
568 2150 644 2192 usus
663 2127 821 2211 frequens,
842 2127 907 2189 imo
931 2125 1138 2211 quotidianus
1156 2136 1216 2204 est,
1231 2127 1372 2207 gratiam

407 2231 528 2315 jugiter
557 2228 598 2294 ad
632 2229 817 2310 largientem
846 2240 963 2309 cogent
991 2228 1111 2309 augeri,
1135 2228 1216 2290 nihil
1244 2226 1375 2292 excidit

414 2354 434 2396 a
455 2331 627 2406 memoria;
650 2331 690 2393 de
705 2330 860 2393 universis
882 2337 915 2391 et
936 2328 1072 2409 singulis
1092 2329 1209 2410 gratias
1229 2350 1307 2412 ago,
1325 2351 1375 2393 re·

414 2445 530 2517 putans
544 2433 638 2496 etiam
654 2431 710 2494 illa
729 2431 809 2494 mihi
824 2453 844 2495 a
859 2441 963 2494 restra
979 2432 1167 2495 liberalitate
1188 2453 1262 2497 esse
1278 2432 1372 2496 exbi-

412 2535 491 2610 bita,
507 2556 578 2616 quae
594 2556 637 2597 ex
652 2533 806 2597 relatione
825 2533 932 2597 nuntii
952 2533 1026 2614 mei,
1040 2545 1073 2598 et
1087 2544 1265 2598 vestrarum
1280 2534 1371 2598 testi·

411 2635 521 2699 monio
540 2636 714 2697 litterarum
731 2636 876 2699 voluistis
896 2645 928 2698 et
947 2635 1147 2718 praecepistis
1161 2636 1243 2699 meis
1257 2634 1372 2699 usibus

414 2736 568 2800 exhiberi.
630 2734 749 2797 Nescio
779 2735 865 2796 euim
895 2756 960 2820 qua
985 2737 1100 2799 secreti
1129 2735 1371 2820 dispensatione

414 2836 540 2898 consilii
555 2834 677 2898 amicus
697 2846 729 2895 et
748 2833 855 2897 socius
876 2856 967 2898 meus
984 2836 1141 2918 Magister
1155 2836 1199 2899 G.
1213 2836 1370 2900 mandato

415 2947 519 3000 vestro
541 2958 607 2999 non
630 2936 745 3018 paruit,
761 2936 950 3000 subtrahens
972 2949 1028 3001 aut
1047 2937 1197 3002 differens
1211 2938 1370 3002 auxilium

415 3039 502 3126 quod
517 3048 621 3103 restra
643 3037 774 3101 dilectio
795 3038 982 3102 necessitati
1002 3060 1082 3103 mee
1103 3049 1135 3102 et
1152 3059 1299 3103 meorum
1314 3038 1369 3103 de·

415 3149 555 3206 creverat
578 3136 806 3203 exhibendum.
852 3139 929 3201 Non
953 3139 1037 3201 enim
1060 3139 1155 3203 facile
1179 3139 1370 3204 crediderim

414 3240 501 3323 quod
516 3240 570 3301 ille
585 3248 699 3320 praeter
719 3238 865 3300 meritum
885 3258 990 3301 meum
1006 3249 1040 3302 et
1054 3250 1166 3304 contra
1180 3240 1369 3324 opinionem

416 3340 557 3404 omnium
578 3338 639 3400 hoc
663 3336 782 3416 fecerit,
798 3346 834 3400 ut
855 3336 933 3401 mihi
953 3350 1081 3420 noceat,
1095 3340 1152 3405 sed
1175 3342 1285 3427 aliqua
1305 3342 1370 3406 dis·

415 3442 613 3525 pensatione,
629 3439 721 3523 eujus
735 3440 891 3504 rationem
911 3442 1034 3523 ignoro,
1050 3453 1189 3507 vestrum
1203 3444 1373 3528 suspendit

414 3543 622 3621 beneficium,
636 3540 693 3606 sed
715 3542 896 3606 devotionis
913 3564 992 3606 meae
1014 3543 1054 3607 ad
1070 3566 1138 3622 vos,
1153 3556 1186 3610 et
1199 3547 1370 3629 gratiarum

416 3645 552 3711 actionis
581 3665 674 3707 nemo
712 3642 887 3728 suspendet
916 3645 1078 3710 affectum.
1131 3647 1269 3712 Gaudeo
1299 3669 1371 3712 vero

417 3744 504 3829 quod
528 3767 626 3828 quum
653 3745 797 3829 episcopi
820 3744 879 3807 sub
902 3748 1124 3829 appellationis
1146 3750 1281 3813 obtentu
1301 3751 1369 3814 lan·

418 3866 550 3928 guorern
580 3848 724 3909 ecclesie
751 3868 822 3930 quae
850 3860 977 3911 auctore
1004 3850 1144 3914 Domino
1171 3853 1371 3917 convalescet

418 3949 452 4011 in
473 3948 572 4023 brevi,
595 3945 784 4011 studuerunt
805 3951 972 4031 protelare,
992 3972 1057 4032 vos,
1081 3961 1116 4015 ut
1137 3950 1245 4033 audio,
1266 3953 1370 4017 tendi·

419 4054 508 4116 eulas
525 4071 634 4114 eorum
658 4048 794 4131 eleganti
809 4051 949 4116 veritatis
972 4064 1004 4116 et
1020 4054 1153 4137 justitie
1176 4056 1370 4139 compendio

418 4153 614 4226 declinastis,
630 4162 665 4216 ut
685 4173 746 4215 nec
769 4154 930 4235 poneretis
952 4177 1026 4218 cum
1048 4157 1168 4241 iniquis
1189 4158 1371 4242 portionem

356 4245 360 4254 ’
419 4254 558 4332 malitiae,
571 4275 631 4318 nec
648 4255 689 4317 sit
712 4254 799 4338 quod
821 4265 896 4318 ante
918 4258 1088 4339 provinciae
1111 4259 1264 4342 praesides
1278 4260 1372 4324 robis

418 4357 541 4440 dejure
557 4355 672 4420 debeat
682 4355 840 4439 imputari.
873 4359 926 4421 Illi
942 4359 1135 4442 scripserunt
1149 4372 1181 4425 et
1194 4362 1374 4446 predicant
1403 4349 1410 4368 ⁸

419 4458 506 4544 quod
528 4479 586 4521 rex
610 4457 703 4520 dulce
727 4469 819 4540 putat
841 4461 1032 4544 obsequium
1055 4484 1153 4546 quum
1175 4475 1323 4528 monetur
1336 4475 1374 4529 ut

418 4560 555 4641 corrigat
577 4559 604 4623 si
625 4557 704 4641 quid
720 4559 892 4645 deliquerit
913 4562 947 4624 in
971 4560 1156 4627 Dominum.
1201 4564 1373 4651 Numquid

417 4662 499 4726 adeo
521 4661 680 4725 excoecati
705 4672 778 4725 sunt
804 4673 841 4726 ut
865 4685 938 4727 eum
963 4664 1110 4729 dubitent
1133 4667 1194 4731 hae
1221 4668 1373 4733 ecclesiae

418 4766 597 4843 vexatione,
622 4774 655 4827 et
677 4764 896 4851 innocentum,
922 4775 958 4830 ut
980 4765 1019 4829 de
1044 4769 1114 4832 aliis
1137 4779 1272 4848 taceam,
1298 4793 1374 4855 par-

419 4866 572 4944 vulorum,
594 4877 625 4930 et
646 4866 811 4931 mulierum
835 4868 1068 4951 proscriptione
1091 4869 1297 4957 delinquerc3
1321 4877 1374 4938 vel
