3300 6434
364 1212 426 1272 144
618 1224 754 1269 rasurus
769 1227 1044 1273 sanasnsarausrs
1222 1210 1266 1290 [a.
1284 1230 1316 1274 o.

361 1382 543 1443 Autumnus
562 1390 666 1451 exeat,
689 1377 832 1442 visitabo.
864 1381 914 1444 De
937 1378 1137 1456 liberalitate,
1162 1402 1257 1465 quam
1281 1378 1314 1444 in

357 1477 487 1544 fratrem
503 1500 608 1544 meum
623 1479 821 1561 exercuistis,
834 1503 916 1567 quas
931 1504 1072 1567 possum,
1088 1481 1179 1546 vobis
1193 1485 1315 1567 gratias

358 1580 470 1644 refero.
516 1579 722 1645 Carissimum
739 1594 846 1645 autem
863 1596 1019 1659 nostrum,
1037 1586 1089 1661 T.‚
1104 1583 1314 1670 praepositum

359 1694 513 1761 vestrum,
529 1682 655 1747 nomine
676 1705 746 1747 meo
765 1683 979 1769 persalutate,
1011 1684 1061 1750 bis
1079 1706 1210 1772 quoque
1232 1685 1316 1749 salu-

357 1781 432 1847 tatis
449 1787 506 1869 qui
523 1806 578 1846 vos
598 1783 747 1869 diligunt,
762 1797 796 1849 et
812 1808 862 1848 me
883 1798 1050 1862 noverunt,
1065 1810 1146 1873 quos
1168 1784 1227 1851 etsi
1248 1808 1310 1850 non

354 1897 452 1949 cartae
466 1885 617 1960 brevitas,
632 1884 747 1951 mentis
763 1900 868 1951 tamen
883 1887 1107 1974 complectitur
1123 1887 1273 1955 latitudo.

380 2306 603 2371 EPISTOLA
626 2306 855 2371 XCVII.-an
871 2325 1023 2372 ananau.
1050 2308 1096 2388 [a.
1114 2330 1145 2373 o.
1166 2312 1275 2392 lm]

726 2466 780 2530 Ad
793 2467 938 2530 cundem.

396 2602 437 2664 Iu
451 2598 591 2663 adventu
609 2598 712 2663 nuntii
737 2598 833 2662 vestri
848 2597 888 2662 ad
905 2622 962 2662 nos
983 2600 1170 2665 serenissimi
1186 2602 1306 2668 domini

351 2706 451 2767 nostri
466 2704 552 2787 regis
563 2702 753 2787 Anglorum,
766 2706 823 2787 qui
839 2700 879 2765 ad
895 2702 1040 2787 Alpinos,
1052 2715 1084 2766 et
1101 2703 1307 2789 subAlpinos

351 2804 500 2869 Britoues
524 2801 687 2889 profectus
715 2815 763 2867 est
789 2802 1032 2888 expugnandos,
1059 2803 1222 2887 expeditio
1250 2827 1306 2869 nos

350 2906 478 2971 tenebat
500 2916 671 2990 occupatos
693 2903 823 2990 quidem
849 2903 947 2970 totius
971 2905 1059 2989 regni
1082 2906 1230 2989 negotiis,
1247 2907 1303 2970 aad

349 3007 510 3095 proecipue
527 3005 677 3069 sollicitos
696 3008 727 3069 in
744 3004 889 3069 custodia
903 3004 1036 3070 illustris
1054 3010 1172 3089 reginas
1188 3008 1306 3093 Anglo-

349 3133 421 3175 rum
447 3123 480 3174 et
503 3107 673 3173 liberorum
697 3106 816 3171 domini
842 3106 936 3191 regis,
961 3107 1018 3193 qui
1044 3108 1204 3174 commissi
1228 3123 1302 3175 sunt

348 3212 424 3278 fidei
449 3210 569 3275 domini
594 3208 842 3285 cantuariensis,
867 3231 885 3272 a
910 3211 1003 3295 cujus
1028 3233 1088 3296 ego
1115 3208 1213 3275 latere
1238 3234 1301 3276 non

347 3310 479 3376 recedo:
507 3308 581 3374 inde
599 3307 709 3394 utique
730 3319 768 3371 ut
787 3306 991 3371 eminentiam
1012 3322 1150 3373 vestram
1173 3331 1230 3373 nac
1244 3332 1302 3396 per

345 3414 498 3479 nuncium
514 3434 619 3478 meum
637 3424 700 3475 tam
717 3409 780 3475 cito
795 3412 955 3496 potuerim
973 3410 1110 3476 visitare.
1141 3412 1301 3478 Caeterum

345 3516 425 3603 quid
444 3514 563 3581 doloris
584 3527 616 3579 et
638 3512 783 3577 moeroris
806 3512 921 3577 animas
943 3534 1021 3577 meae
1043 3514 1175 3579 nuntius
1197 3528 1302 3581 vester

345 3616 500 3697 attulerit,
515 3615 653 3703 prudens
667 3627 699 3679 et
715 3613 814 3678 sciens
830 3628 931 3691 taceo,
946 3636 997 3687 ne,
1012 3614 1036 3677 si
1053 3637 1148 3700 super
1161 3614 1301 3680 dolorem

345 3715 512 3780 vulnerum
524 3728 713 3791 vestrorum,
723 3736 829 3779 meum
840 3736 969 3800 quoque
978 3713 1143 3796 addidero,
1154 3715 1301 3800 ampliori

345 3815 477 3881 tristitia
487 3815 728 3892 absorbeamini,
741 3837 843 3902 quum
857 3816 962 3879 saucia
974 3839 1061 3881 mens
1072 3817 1300 3895 recordatione,

345 3915 462 3981 nedum
478 3916 685 3981 inundatione
704 3916 844 3980 tristium
866 3916 1043 3981 exulcerari
1063 3917 1162 3982 soleat
1182 3920 1301 4004 potius,

343 4044 441 4109 quam
456 4019 569 4086 foveri.
607 4018 768 4083 Malorum
785 4018 916 4106 quidem
934 4019 1112 4084 meminisse
1121 4021 1228 4105 juvat,
1244 4021 1298 4085 sed

342 4147 444 4212 quum
461 4122 684 4210 praeterierint,
694 4135 771 4186 tunc
787 4121 915 4184 demum
927 4122 1030 4208 piacet
1045 4122 1143 4186 fuisse
1158 4135 1298 4208 prostra-

342 4223 880 4311 tum,quumfortiorpraevalueris.
898 4222 1192 4310 Miserumquoque
1200 4222 1299 4287 fuisse

336 4324 520 4412 jucundum
536 4337 595 4401 est,
613 4323 667 4387 scd
679 4325 747 4409 jam
763 4322 803 4387 de
816 4320 968 4386 felicitate
979 4321 1144 4408 gaudenti.
1178 4324 1239 4402 Sic,
1253 4323 1298 4387 sic

340 4425 508 4492 infortunii
516 4439 609 4511 grata
618 4438 666 4490 est
678 4425 865 4501 recordatio,
876 4423 930 4488 sed
942 4448 1040 4510 quum
1050 4424 1092 4489 de
1100 4424 1240 4488 fortunia
1251 4423 1299 4488 iu·

335 4528 425 4612 juria
440 4528 656 4614 triumpharis.
699 4528 778 4605 Quis
793 4527 912 4590 aedium
928 4549 1060 4590 suarum
1075 4526 1200 4591 ruinam
1217 4526 1298 4591 iretis

341 4630 441 4693 oculis
452 4630 587 4715 aspicit?
610 4631 683 4713 quis
695 4629 810 4693 domus
820 4653 886 4693 suae
898 4628 1064 4715 flagrantis
1077 4644 1133 4695 aut
1145 4630 1297 4695 fumantis

341 4730 484 4793 incendia
494 4717 772 4796 libensintuetur?
792 4729 941 4806 Proinde,
953 4731 994 4794 mi
1005 4732 1204 4811 carissime‚a
1215 4730 1295 4795 tanti

341 4834 484 4896 moeroris
493 4837 643 4897 memoria
652 4836 791 4897 animum
800 4832 918 4917 pariter
927 4833 1092 4919 paululum
1104 4848 1294 4913 avertamus,
