3300 6434
432 1245 473 1306 88
686 1262 822 1307 ioannis
838 1263 1118 1310 sasususnrsusrs
1288 1250 1335 1329 [a.
1354 1271 1385 1316 n.

433 1410 602 1498 praeseutia
629 1412 861 1497 wigorniensis
886 1413 1025 1498 episcopi
1047 1437 1080 1477 se
1097 1416 1283 1502 juramento
1307 1421 1388 1483 ohli-

433 1509 566 1596 gav'erit.
623 1514 831 1598 Praecipimus
852 1516 974 1601 itaque,
999 1529 1034 1581 ut
1059 1517 1165 1601 ipsum
1190 1520 1388 1606 compellatis

434 1614 608 1690 restituere,
636 1616 725 1702 quod
756 1616 788 1679 in
823 1617 1034 1682 aestimatione
1066 1618 1151 1682 dotis
1180 1622 1325 1705 promisit
1353 1622 1386 1685 iu

434 1715 602 1801 praesentia
617 1715 737 1779 domini
750 1715 984 1801 Wigornieusis
999 1731 1055 1780 aut
1071 1718 1220 1804 amplius,
1229 1734 1387 1806 quantum

434 1815 516 1881 ratio
529 1816 682 1900 exegerit,
698 1817 722 1882 si
739 1815 780 1881 ad
794 1816 856 1881 hoc
870 1818 940 1903 ejus
955 1830 1133 1903 suppetunt
1147 1819 1328 1888 facultates.

707 2094 930 2159 EPISTULA
954 2095 1114 2159 LXVIII.

478 2225 660 2290 Canrrsrts
690 2225 778 2291 zelus
807 2226 992 2291 accenditur
1021 2227 1052 2291 in
1083 2228 1235 2315 praelatis,
1262 2229 1388 2315 quoties

433 2323 676 2408 deprehendunt
712 2326 745 2389 in
783 2327 927 2391 moribus
961 2327 1191 2413 subjectorum,
1223 2328 1308 2392 unde
1341 2329 1387 2392 eis

433 2426 534 2511 possit
554 2427 666 2491 salutis
687 2427 891 2515 dispendium
914 2430 1085 2494 imminere.
1133 2435 1201 2495 Nos
1217 2446 1323 2496 autem
1344 2452 1385 2494 ex

436 2541 561 2591 tuarum
592 2529 796 2615 conceptione
826 2529 1004 2594 litterarum
1035 2545 1066 2595 te
1096 2532 1240 2596 decorem
1271 2531 1386 2595 domus

436 2626 566 2691 Domini
578 2627 756 2691 desiderare
770 2630 971 2706 confidimus,
983 2631 1079 2716 eique
1091 2631 1179 2717 operi
1190 2630 1385 2712 diligentiam

435 2727 663 2811 praestiturum,
695 2744 730 2793 ut
760 2731 792 2793 in
822 2748 877 2796 tua
906 2731 1052 2796 custodia
1084 2730 1197 2796 mundi
1226 2731 1299 2806 sint,
1330 2732 1386 2815 qui

435 2828 544 2894 terunt
558 2853 633 2894 vasa
653 2831 795 2911 Domini,
810 2846 843 2896 et
863 2846 901 2897 ut
923 2833 1062 2897 Domino
1081 2834 1220 2920 puritate
1242 2848 1384 2907 actuum,

435 2945 468 2995 et
483 2955 605 2997 morum
626 2934 807 2999 innocentia
829 2950 1063 3015 consecrentur,
1077 2935 1133 3021 qui
1154 2934 1184 2998 ei
1206 2934 1323 2999 debent
1345 2957 1385 2998 ex

434 3031 579 3118 injuncto
590 3034 649 3099 sihi
659 3035 763 3099 officio
773 3036 832 3100 sihi
845 3036 991 3100 subditos
1000 3058 1192 3102 consecrare,
1224 3038 1384 3101 Caeterum

435 3134 523 3221 quod
539 3158 558 3198 a
572 3136 663 3200 nobis
673 3137 704 3200 in
720 3138 817 3201 rebus
828 3160 890 3201 non
905 3136 1065 3222 ambiguis
1079 3138 1245 3201 consilium
1259 3138 1387 3221 exigere

434 3234 574 3313 voluisti,
599 3235 788 3301 humilitatis
811 3250 886 3301 nota
909 3250 968 3317 est,
993 3260 1055 3301 non
1079 3237 1266 3322 ignorantis)
1291 3253 1405 3321 argu-¹

434 3349 588 3404 mentum.
634 3336 797 3423 Siquidem
819 3351 876 3402 tua
895 3338 1045 3402 discretio
1070 3359 1132 3401 non
1156 3336 1282 3420 ignorat
1307 3336 1385 3423 quid

435 3439 513 3504 sacri
542 3463 677 3505 canones
714 3452 856 3505 statuant
890 3440 930 3503 de
959 3440 1152 3504 continentia
1187 3440 1382 3504 clericorum.

434 3546 517 3607 Nam
537 3556 570 3608 et
590 3542 723 3609 Sirioius
745 3565 830 3628 papa
852 3541 930 3607 alias
952 3542 986 3605 iu
1007 3541 1102 3621 domo
1117 3539 1302 3604 clericorum
1317 3560 1386 3603 esse

436 3664 497 3705 non
520 3645 657 3729 patitur:
679 3644 739 3707 nisi
755 3665 808 3707 eas
828 3656 952 3707 tantum
979 3665 1060 3729 quas
1077 3655 1209 3729 propter
1230 3642 1312 3705 solas
1334 3663 1389 3704 ne·

435 3744 664 3807 cessitudinum
694 3766 805 3810 causas
833 3744 978 3809 habitare
1003 3766 1077 3808 cum
1103 3744 1220 3808 eisdem
1246 3743 1387 3830 synodus

438 3843 570 3908 Nicaena
591 3843 742 3931 permisit.
788 3850 854 3911 Eas
868 3859 977 3912 autem
997 3859 1061 3909 tam
1083 3869 1121 3909 ex
1146 3846 1279 3910 decretis
1295 3848 1386 3931 Sym-

437 3945 551 4024 machi,
580 3969 676 4033 quam
707 3971 746 4011 ex
781 3947 914 4012 concilio
944 3944 1200 4030 Carthaginensi,
1230 3946 1389 4030 variisque

438 4047 649 4113 sanctionibus
668 4054 885 4115 Romanorum
907 4046 1093 4133 pontificum
1116 4046 1209 4109 facile
1229 4059 1276 4109 est
1298 4046 1384 4107 colli-

436 4171 523 4234 gere,
550 4165 587 4214 ut
612 4150 662 4215 hae
687 4151 764 4215 solae
789 4150 958 4214 videantur
983 4145 1120 4225 admitti,
1142 4168 1161 4208 a
1186 4145 1306 4231 quibus
1331 4159 1388 4209 aut

438 4264 563 4325 natura,
589 4267 645 4316 aut
671 4253 848 4316 reverentia
877 4273 1014 4327 morum,
1040 4265 1097 4312 aut
1119 4246 1252 4311 honesta
1280 4269 1387 4321 causa,

435 4350 542 4436 qualis
561 4361 609 4414 est
629 4351 798 4430 miseratio,
811 4352 845 4414 in
866 4351 989 4415 afflictis
1009 4364 1041 4415 et
1063 4371 1195 4433 corpore
1217 4346 1390 4411 debilitatis

437 4475 560 4515 omnem
589 4452 722 4517 sinistrae
747 4452 904 4538 opinionis
930 4450 1085 4515 maculam
1109 4448 1223 4512 demit:
1255 4460 1286 4509 et
1313 4448 1388 4511 licet

438 4552 583 4640 plerique
612 4575 746 4617 canones
770 4565 914 4621 matrem,
938 4573 1087 4627 sororem,
1111 4550 1226 4628 aviam,
1249 4547 1389 4622 amitam,

439 4670 650 4730 materteram,
667 4667 788 4737 neptes,
809 4651 1078 4735 domesticamque
1098 4649 1250 4713 familiam
1269 4662 1301 4711 et
1321 4670 1391 4732 per-

440 4778 529 4819 sonas
559 4781 640 4842 quas
668 4755 836 4819 conciliant
867 4753 959 4837 primi
993 4750 1113 4834 gradus
1146 4750 1319 4823 affinitatis,
1350 4769 1388 4809 ex

441 4857 673 4921 cohabitatione
703 4855 804 4918 noluit
832 4876 898 4915 esse
925 4867 1095 4934 suspectas.
1145 4855 1263 4914 Beatus
1289 4863 1392 4913 tamen
