3300 6434
413 1240 454 1299 94
669 1253 805 1298 suasura
819 1252 1099 1298 ssuusuuruunsrs
1265 1238 1312 1310 [l.
1329 1254 1359 1297 u.

410 1403 530 1468 tissime
556 1417 713 1487 portarem
737 1404 769 1467 in
797 1403 938 1467 humeris
960 1403 1048 1480 meis,
1070 1403 1146 1468 dum
1169 1426 1233 1490 pax
1257 1403 1356 1466 refor-

410 1519 552 1571 maretur
571 1505 667 1569 terris
681 1517 714 1569 et
728 1505 870 1590 populis,
885 1526 967 1590 quos
982 1517 1088 1568 vestro
1109 1503 1254 1588 regimim
1276 1524 1361 1568 com·
1446 1542 1449 1548 ,

412 1607 497 1671 misit
512 1609 680 1673 Dominus.
727 1608 827 1692 Spero
842 1619 948 1671 sutem
964 1606 1052 1692 quod
1072 1621 1196 1692 quanto
1211 1605 1362 1674 libentius

412 1711 589 1794 acquiesco,
606 1721 639 1773 et
651 1730 776 1795 semper
790 1706 939 1793 adquievi
956 1705 1114 1771 voluntati
1131 1721 1256 1783 vestroe,
1272 1719 1363 1771 tauto

413 1809 439 1873 si
454 1808 558 1893 placet
572 1808 741 1893 benignius
755 1807 1014 1873 condescendetis
1033 1808 1211 1874 necessitati
1228 1828 1316 1885 meae,
1330 1822 1363 1873 et

414 1930 524 1995 preces
540 1932 623 1974 meas
638 1910 679 1975 de
693 1910 884 1975 remittendo
898 1910 1094 1989 cancellario,
1101 1924 1133 1975 et
1148 1910 1365 1996 promovendo
1386 1967 1390 1971 .

414 2013 543 2097 negotio
561 2012 751 2076 Exouiensis
773 2011 912 2077 ecclesiae
934 2011 1059 2075 facilius
1078 2011 1227 2091 audietis,
1244 2012 1367 2075 noveri-

414 2112 519 2198 tisque
533 2135 593 2199 pro
608 2127 695 2177 certo
716 2113 802 2199 quod
819 2112 854 2177 id
869 2113 959 2177 nullo
981 2114 1078 2177 modo
1097 2127 1288 2200 peteremus,
1305 2113 1365 2176 nisi

413 2212 493 2278 illud
510 2214 710 2280 crederemus
727 2238 794 2278 esse
815 2213 957 2280 Domino
978 2224 1119 2300 gratum,
1134 2228 1166 2280 et
1182 2214 1272 2279 vobis
1286 2216 1365 2279 utile

413 2328 446 2378 et
472 2316 650 2379 honestum.
697 2316 820 2380 Audite
851 2317 876 2380 si
905 2316 1010 2404 placet
1037 2318 1125 2404 quod
1154 2317 1186 2382 in
1213 2318 1274 2381 istc
1299 2331 1363 2381 tam

355 2438 359 2444 ·
413 2413 585 2479 affectuose
600 2415 800 2500 postulamus
814 2415 962 2493 articulo,
978 2416 1112 2483 fortasse
1134 2418 1213 2482 nibil
1228 2418 1366 2502 amplius

416 2515 558 2601 petituri.

489 2789 710 2858 EPISTOLA
727 2791 938 2858 LXXl.-an
954 2810 985 2855 a.
1001 2809 1292 2860 secururscouuu.

774 2909 1015 2975 Archidiaccnc.

459 3028 558 3092 Sara
574 3026 640 3112 jam
664 3038 834 3092 revocatus
853 3049 897 3102 es,
913 3026 971 3112 qui
989 3027 1030 3091 ad
1052 3027 1146 3093 unius
1166 3029 1266 3114 patris
1288 3029 1369 3093 senis

416 3140 449 3191 et
464 3124 643 3210 lauguentis
659 3128 853 3192 vocationem
874 3127 1004 3192 rediisse
1020 3129 1186 3194 debueras.
1231 3132 1276 3195 Et
1298 3130 1370 3215 qui·

418 3228 491 3293 dem
513 3228 686 3292 verendum
708 3241 758 3293 est
771 3236 819 3292 'ne
841 3228 1024 3293 tarditatem
1047 3241 1135 3293 tuam
1163 3230 1276 3315 puniat
1303 3232 1368 3293 Do-

418 3329 534 3408 minus,
557 3328 582 3393 si
605 3329 647 3394 ab
670 3326 887 3393 inobedientis
910 3327 1123 3407 obsurdescis,
1145 3328 1368 3393 beneficiorum

418 3428 595 3503 immemor,
601 3429 880 3515 patrisque‚quem
894 3429 1095 3513 languentem
1105 3430 1139 3492 in
1148 3428 1288 3494 humeris
1296 3452 1368 3515 por-

419 3529 664 3603 taredebueras,
676 3542 886 3614 contemptor.
916 3531 999 3593 Eras
1009 3532 1138 3594 omniuo
1146 3529 1373 3594 inexcusabilis

419 3643 452 3695 et
473 3630 687 3695 maledictioni
709 3643 828 3694 uostrae
857 3632 1035 3715 proximus,
1059 3629 1119 3695 uisi
1142 3644 1229 3695 tuam
1259 3631 1371 3694 absen-

421 3730 499 3795 tiam
518 3731 580 3794 sub
603 3743 761 3815 praetextu
785 3729 978 3795 necessitatis
997 3753 1065 3795 suae
1085 3730 1234 3795 dominus
1248 3753 1304 3795 rex
1319 3751 1373 3795 ex-

422 3843 555 3894 cusaret.
595 3832 768 3906 Caeterum,
784 3831 863 3918 quia
876 3829 1038 3917 publicam
1055 3831 1237 3910 utilitatem,
1251 3854 1325 3918 quae
1341 3833 1372 3895 in

422 3929 557 4016 negotiis
573 3927 691 3995 domini
706 3933 789 4017 regis
801 3936 950 4009 vertitur,
961 3932 1096 4015 privatae
1113 3932 1244 3997 utilitati
1261 3934 1374 4017 praefe-

423 4032 1372 4118 rimus,voluntatemipsius,quamsemper‚quatenuslicuit,

423 4147 455 4199 et
475 4133 677 4220 expediebat,
694 4147 812 4198 nostrae
832 4132 1045 4219 praetulimus,
1061 4132 1165 4197 adhuc
1180 4135 1374 4197 sustinemus

423 4250 531 4301 nostro
542 4236 767 4323 praejudicasse
779 4235 941 4312 mandato,
952 4234 1013 4298 sub
1025 4258 1061 4298 ea
1073 4247 1177 4299 tamen
1193 4234 1374 4298 conditione

425 4352 574 4425 utquam
595 4339 658 4402 cito
679 4338 813 4422 gratiam
838 4339 907 4422 ejus
930 4339 1073 4423 potueris
1087 4338 1242 4413 obtinere,
1261 4337 1301 4400 ad
1318 4360 1375 4401 nos

425 4439 529 4505 redire
543 4462 605 4504 non
618 4437 755 4502 differas.
793 4440 838 4503 Et
854 4439 913 4501 hoc
925 4452 987 4502 tam
1001 4441 1179 4503 necessitati
1191 4451 1267 4516 tuae,
1279 4461 1375 4524 quam

425 4543 583 4607 voluntati
593 4542 662 4625 ejus
672 4540 711 4603 ad
724 4562 862 4624 praesens
873 4539 1087 4625 indulgemus,
1096 4542 1187 4605 veriti
1199 4540 1375 4624 periculum

427 4656 531 4716 tuum,
555 4642 580 4702 si
603 4663 641 4702 eo
662 4639 781 4701 offenso
804 4640 944 4703 redieris.
992 4641 1160 4704 'l‘imemus
1181 4642 1264 4704 enim
1288 4663 1327 4703 ne
1352 4642 1376 4703 si

427 4741 600 4824 periculum
617 4739 739 4802 amissae
755 4741 868 4821 gratiae
884 4762 941 4822 pro
962 4740 1052 4801 nobis
1068 4740 1219 4814 incurras,
1236 4763 1303 4803 eam
1321 4764 1377 4825 per

429 4863 486 4903 nos
508 4862 692 4923 recuperare
716 4861 775 4901 nun
808 4843 916 4921 possis.
965 4844 1080 4903 Brcvcs
1102 4842 1183 4904 enim
1208 4855 1282 4906 sunt
1311 4840 1378 4902 dies
