3300 6434
357 1218 549 1297 usu-oa]
747 1235 926 1280 00100000.
1247 1222 1307 1280 157

351 1384 477 1472 poterit,
506 1384 593 1471 quod
623 1384 720 1469 aliqui
750 1383 791 1447 ad
821 1406 878 1447 voa
903 1384 1122 1469 confugientes
1151 1385 1211 1448 hoc
1240 1384 1307 1448 solo

353 1486 491 1549 remedio
505 1498 682 1551 evaserunt.
720 1486 794 1561 Vos,
806 1484 944 1568 qualiter
958 1488 1061 1570 agatis
1075 1507 1147 1549 cum
1164 1485 1220 1561 eis,
1232 1508 1307 1571 pro-

352 1586 468 1664 videte,
494 1599 526 1650 et
556 1590 583 1651 si
614 1585 694 1671 quid
722 1585 754 1647 in
783 1585 888 1649 causis
916 1608 1025 1649 eorum
1053 1587 1144 1651 nobis
1173 1586 1308 1650 debetur

351 1686 489 1764 honoris,
505 1700 603 1774 prout
618 1687 787 1774 placuerit,
804 1698 973 1751 reservate.

522 2001 742 2066 EPISTOLA
766 2001 825 2064 CV
829 2000 964 2065 11-00
980 2020 1133 2065 aouonss.

595 2169 735 2232 11000100
750 2170 853 2252 Papae
867 2168 1062 2233 Aleccndro.

393 2301 629 2366 Noawmausrs
645 2302 896 2375 archidiaconus,
914 2305 963 2366 vir
978 2301 1109 2380 malitia,
1124 2299 1305 2375 dolositate,

349 2417 379 2468 et
402 2417 470 2469 arte
491 2404 663 2469 mentiendi
686 2405 876 2490 conspicuus
899 2424 1032 2488 regnum
1056 2416 1198 2468 nostrum
1221 2423 1305 2489 prae·

348 2506 443 2568 terita
465 2517 575 2570 aestate
595 2505 778 2570 rumoribus
799 2506 865 2569 suis
886 2505 1056 2585 concussit,
1078 2517 1110 2569 01
1136 2508 1306 2591 optimates

348 2605 436 2690 regui
448 2605 599 2670 adversus
611 2606 720 2670 fideles
732 2620 865 2685 vestros,
878 2606 942 2670 imo
954 2606 1114 2671 ecclesiam
1129 2606 1189 2669 Dei
1200 2606 1305 2691 gravi-

349 2719 396 2771 ter
410 2709 592 2783 concitavit,
609 2708 707 2793 vulgo
723 2708 842 2784 dicens,
858 2710 891 2772 in
907 2712 1092 2794 episcopatu
1109 2706 1305 2772 Norwicensi

348 2831 381 2873 00
406 2831 426 2871 0
452 2809 544 2873 vobis
569 2809 602 2871 in
628 2807 778 2894 Angliam
804 2808 1010 2884 destinatum,
1034 2822 1071 2873 ut
1099 2832 1118 2873 0
1142 2807 1304 2873 Willelmo

346 2910 461 2974 comite
489 2910 661 2973 Warennae
691 2910 758 2973 11110
787 2912 873 2994 regis
904 2910 1057 2994 Stephani
1089 2931 1149 2975 000
1180 2932 1302 2975 marcas

348 3013 510 3095 reciperet,
527 3033 608 3096 quas
622 3033 681 3096 pro
698 3011 867 3076 audiendis
883 3011 1091 3097 petitionibus
1113 3011 1179 3077 0010
1193 3026 1304 3077 000100

346 3133 453 3196 regem
471 3111 559 3175 robis
573 3111 728 3199 proefatus
743 3134 849 3176 comes
864 3111 1001 3176 debebat
1016 3111 1214 3197 appendere:
1243 3112 1303 3176 sub

347 3211 405 3276 hac
427 3212 640 3278 excusationis
661 3214 808 3299 imagine,
825 3236 864 3277 ne
883 3214 917 3277 in
935 3215 991 3299 jus
1013 3213 1191 3278 traheretur
1207 3213 1305 3299 juxta

346 3314 532 3380 mandatum
568 3328 708 3380 vestrum
744 3339 763 3377 a
791 3314 922 3378 domino
957 3313 1152 3378 Norwicensi
1187 3312 1304 3398 saepius

345 3416 541 3501 impetravit,
557 3430 588 3480 et
611 3439 737 3481 causam
754 3438 829 3500 quae
844 3416 926 3478 inter
948 3414 1052 3497 ipsum
1069 3425 1100 3475 et
1115 3412 1304 3497 magistrum

345 3517 546 3581 Willelmum
562 3516 711 3580 clericum
730 3513 850 3577 domini
867 3512 1105 3578 cantuariensis
1120 3512 1304 3578 vertebatur

346 3639 441 3702 super
462 3614 591 3677 ecclesia
615 3613 655 3676 de
679 3613 869 3685 Alcestona‚
886 3610 1009 3675 diutius
1028 3611 1164 3677 distulit.
1202 3618 1305 3679 Bene·

346 3716 418 3778 licio
434 3728 537 3778 tamen
557 3713 734 3777 litterarum
753 3726 941 3791 vestrarum,
955 3711 1096 3778 dictante
1115 3715 1254 3801 justitia,
1270 3717 1303 3781 iu

347 3815 430 3881 10010
451 3813 590 3878 ecclesiae
613 3812 750 3879 Norwic.
778 3838 836 3900 per
860 3815 1060 3902 praesentiam
1082 3817 1233 3904 episcopi,
1252 3817 1304 3882 cui

344 3940 471 3984 causam
497 3917 733 3998 commiseratis,
760 3918 881 4005 absque
911 3917 1053 3982 remedio
1082 3919 1304 4006 appellationis

343 4020 426 4085 10100
452 4023 677 4107 praescriptum
703 4024 874 4086 terminum
902 4020 1084 4097 finiendam,
1111 4020 1143 4082 in
1170 4043 1207 4083 ea
1232 4042 1303 4105 pro·

343 4135 461 4189 stratus
483 4137 541 4199 est,
557 4137 588 4187 et
611 4146 630 4186 a
647 4123 804 4208 jamdicta
827 4121 959 4186 ecclesia
978 4123 1130 4206 dejectus.
1177 4120 1212 4186 si
1227 4141 1302 4203 ergo

342 4248 470 4289 causam
487 4225 629 4309 iniquam
648 4246 795 4310 reparare
818 4224 1000 4299 tentaverit,
1017 4244 1079 4286 non
1100 4222 1190 4286 decet
1211 4222 1301 4287 boni·

343 4337 440 4388 tatem
468 4338 616 4397 vestram,
641 4335 677 4385 ut
705 4322 804 4408 ipsius
828 4344 947 4406 000000,
971 4344 1010 4385 00
1036 4320 1138 4385 dicam
1161 4320 1301 4386 fallacias

342 4424 531 4501 admittatis,
547 4424 601 4488 sed
618 4426 725 4508 potius
740 4421 893 4507 puniatis,
907 4422 996 4507 quod
1013 4446 1045 4486 00
1061 4434 1299 4508 procuratorem

343 4539 498 4603 vestrum,
520 4538 552 4587 et
577 4536 734 4608 gestorem
760 4520 957 4605 negotiorum
985 4523 1138 4587 mentitus
1163 4535 1221 4602 est,
1243 4533 1300 4586 aut

343 4626 449 4710 inepte
470 4623 635 4711 gloriatus.
679 4622 766 4688 Male
788 4622 871 4686 enim
895 4624 1002 4689 sonuit
1024 4624 1057 4687 10
1080 4621 1212 4688 auribus
1231 4645 1300 4688 om·

343 4729 431 4790 nium
447 4726 594 4809 gloriatio
605 4726 682 4810 ejus.
