3300 6434
354 1240 548 1320 1159—61.]
735 1257 917 1303 sermons.
1259 1244 1302 1303 98

349 1403 499 1487 ecclesiae,
523 1406 678 1494 quamdiu
710 1407 763 1471 alii
793 1407 824 1470 in
856 1406 975 1471 inflicta
1001 1406 1060 1470 sibi
1089 1409 1302 1495 suspensionis

349 1505 504 1569 sententia
530 1506 736 1591 perstiterint.
782 1508 877 1584 Quod
904 1507 931 1570 si
958 1507 1039 1569 hanc
1064 1521 1202 1573 nostram
1229 1532 1303 1574 oon-

349 1606 534 1689 tempserint
557 1606 790 1680 auctoritatem,
807 1607 1011 1691 precipimus
1032 1619 1069 1671 ut
1090 1629 1163 1671 cum
1185 1607 1301 1673 litteris

348 1705 464 1769 nostris
489 1705 609 1770 adeatis
635 1706 846 1770 venerabilem
873 1707 1003 1771 fratrem
1028 1721 1172 1772 nostrum
1201 1710 1303 1772 Here-

348 1803 527 1868 fordensem
551 1805 746 1890 episcopum,
770 1817 801 1869 et
822 1818 1056 1892 contemptores
1077 1819 1196 1872 sanctae
1219 1810 1302 1873 Can-

350 1904 516 1969 tuariensis
529 1905 668 1969 ecclesiae
682 1905 805 1972 faciatis
819 1906 949 1991 publice
964 1908 1242 1973 excommunicari.

534 2238 757 2303 EPISTOLA
780 2240 972 2303 LXX—an
987 2257 1114 2303 sacam.

681 2372 762 2453 Περὶ
776 2371 965 2454 duplorum.

394 2504 534 2567 Annrrn
551 2504 695 2590 undique
711 2504 872 2569 collisione
894 2526 1075 2590 regnorum,
1089 2518 1122 2570 et
1137 2528 1298 2593 emergen-

350 2601 437 2666 tibus
451 2604 542 2669 novis
557 2628 660 2671 rerum
677 2605 800 2690 figuris,
812 2619 844 2670 et
859 2605 1144 2671 increbescentibus
1159 2630 1178 2671 a
1193 2621 1300 2675 nostra

349 2702 518 2789 iniquitate
540 2707 640 2787 malis,
662 2708 856 2793 praecipuam
884 2708 924 2771 de
951 2707 1052 2772 salute
1076 2724 1191 2783 vestra,
1214 2711 1300 2776 unde

349 2817 397 2868 tot
419 2812 609 2892 populorum
633 2808 717 2873 salus
740 2822 798 2888 est,
821 2809 1022 2895 concepimus
1043 2809 1299 2890 sollicitudinem,

348 2927 424 2989 quae
444 2929 541 2992 super
562 2908 722 2993 flagellum
748 2908 889 2986 Domini,
904 2931 970 2993 quo
991 2932 1049 2994 per
1070 2912 1205 2993 gratiam
1229 2914 1299 2997 ejus

347 3002 550 3088 flagellantur
564 3009 595 3072 in
611 3031 752 3094 corpore,
769 3008 820 3072 die
834 3022 996 3093 noctuque
1011 3008 1122 3097 affligit
1137 3010 1169 3073 in
1185 3022 1299 3077 mente.

351 3106 445 3170 Unde
456 3109 600 3193 cogimur
611 3122 729 3174 statum
740 3122 881 3175 vestrum
894 3133 951 3195 per
963 3111 1110 3198 nuntium
1123 3111 1299 3198 explorare,

349 3208 404 3290 qui
415 3229 487 3271 eum
501 3209 527 3272 si
539 3210 606 3274 lieri
617 3231 734 3297 posset,
744 3210 911 3275 mallemus
920 3210 1161 3296 praesentialiter
1169 3212 1297 3277 intueri.

350 3307 556 3375 Meminimus
571 3326 676 3377 autem
694 3335 751 3376 nos
765 3313 856 3378 vobis
876 3313 1082 3400 supplicasse,
1099 3328 1135 3377 ut
1150 3312 1297 3389 salutem,

347 3431 447 3493 quum
465 3415 665 3497 prasentiam
682 3424 815 3479 vestram
838 3413 958 3479 malitia
980 3412 1130 3497 temporis
1143 3411 1296 3487 invideat,

347 3511 602 3579 archidiaconum
642 3529 797 3590 nostrum,
828 3516 885 3598 qui
915 3513 1006 3575 nobis
1034 3514 1148 3574 unicus
1176 3525 1234 3587 est,
1264 3527 1296 3578 et

346 3612 468 3676 consilii
484 3614 583 3677 nostri
599 3618 723 3698 primus
739 3613 842 3677 redire
858 3610 1094 3696 permitteretis.
1131 3610 1296 3679 Debuerat

346 3711 427 3774 enim
440 3715 560 3777 venisse
575 3736 636 3777 non
651 3726 793 3790 vocatus,
801 3712 971 3797 fueratque
986 3711 1209 3777 inobedientia
1223 3726 1297 3779 ante
1381 3748 1383 3753 ·

345 3812 520 3877 Dominum
551 3828 583 3879 et
610 3813 752 3880 homines
777 3813 973 3899 arguendus,
1001 3813 1061 3877 nisi
1090 3835 1165 3878 eum
1191 3828 1297 3880 vestra

343 3913 511 3978 necessitas
532 3928 709 3980 excusaret.
756 3916 819 3980 Sed
843 3918 919 4002 quia
941 3916 1137 3981 voluntatem
1157 3928 1294 3982 vestram

344 4029 461 4080 nostrae
481 4040 604 4105 semper
624 4018 836 4104 praetulimus,
855 4034 887 4083 et
907 4032 1066 4104 quatenus
1083 4017 1208 4080 licuerit
1224 4039 1297 4101 pro-

343 4117 426 4182 ferre
451 4118 660 4197 decrevimus,
687 4121 749 4207 ipsi
775 4120 862 4208 quod
886 4119 1020 4204 deliquit
1050 4140 1108 4203 pro
1132 4115 1295 4183 voluntate

343 4233 446 4284 vestra
467 4221 691 4307 indulgemus:
716 4222 870 4296 volentes,
888 4231 923 4284 ut
939 4241 1036 4305 quam
1052 4218 1109 4282 diu
1125 4217 1294 4283 necessitas

344 4322 496 4405 exegerit,
511 4324 638 4387 insistat
659 4322 814 4406 obsequio
831 4333 949 4396 vestro,
966 4333 997 4383 et
1021 4331 1058 4382 ut
1082 4332 1181 4382 totam
1197 4319 1294 4382 fidem

344 4440 430 4482 suam
458 4434 490 4485 et
512 4421 703 4484 industriam
729 4419 908 4484 necessitati
930 4431 1042 4482 vestrae
1067 4417 1294 4499 accommodet,
1386 4490 1397 4510 Ι

344 4521 562 4607 praecipimus3
582 4523 627 4585 ita
643 4539 748 4585 tamen
766 4534 801 4584 ut
817 4542 912 4607 quam
929 4520 991 4584 cito
1004 4518 1173 4603 potueritis
1187 4541 1293 4583 carcre

344 4648 394 4701 co,
409 4628 524 4709 ipsum,
541 4624 566 4686 si
586 4621 702 4707 placet,
717 4621 820 4685 redire
840 4619 1041 4707 permittatis.
1087 4620 1169 4682 Nam
1186 4633 1218 4683 et
1233 4643 1293 4705 ego

343 4723 421 4809 ipse,
443 4748 538 4811 quem
561 4722 773 4788 misericordia
797 4718 926 4787 Domini
948 4720 1061 4784 afflixit
1082 4720 1176 4799 lecto,
1196 4721 1290 4786 etiam

344 4850 415 4891 cum
438 4826 621 4912 temporalis
637 4824 711 4889 vitae
731 4823 909 4909 dispendio,
925 4822 1054 4908 negotia
1066 4834 1172 4887 vestra
1192 4822 1291 4889 libeu-
