3300 6434
353 1253 526 1332 1155-8.]
615 1267 637 1274 ··
755 1266 941 1312 srrsrora.
1259 1253 1298 1311 tt

348 1421 536 1486 mandatum
550 1432 691 1487 restrum
709 1440 771 1482 non
786 1417 898 1483 debuit
910 1440 977 1480 esse
988 1416 1176 1503 captiosum,
1187 1414 1240 1479 aed
1257 1438 1298 1482 ex

348 1547 414 1612 quo
440 1524 472 1588 io
499 1522 687 1610 exequendo
709 1520 861 1586 obediens
883 1523 1031 1585 inventus
1055 1531 1103 1583 est
1126 1531 1159 1583 et
1181 1517 1296 1595 fidelis,

346 1626 452 1713 ipsum
468 1638 572 1691 vestro
587 1622 706 1689 auxilio
720 1633 907 1708 oportuerat
922 1621 1072 1686 roborari.
1119 1620 1193 1685 Fiat
1208 1643 1296 1705 orgo,

348 1728 374 1792 ai
390 1727 505 1813 placet,
522 1725 606 1812 quod
623 1739 757 1813 patrem,
776 1723 864 1811 quod
888 1727 1068 1789 Romanum
1089 1722 1179 1788 decet
1193 1722 1298 1807 ponti·

346 1830 449 1908 ficem,
480 1843 516 1894 ut
540 1829 606 1914 jam
638 1828 744 1892 dictus
772 1827 940 1913 episcopus
967 1824 1124 1890 auxilium
1154 1833 1296 1887 restrum

346 1931 487 1996 inveniat
509 1931 543 1994 iu
566 1928 784 2005 tribulatione,
794 1949 895 2013 quam
919 1949 977 2012 pro
998 1925 1185 1992 executione
1208 1948 1297 1989 man·

349 2033 416 2097 dati
432 2033 528 2097 vestri
542 2031 706 2096 humiliter
720 2045 847 2115 portare
859 2029 994 2103 ridetur.
1031 2028 1204 2093 Restituite
1218 2028 1259 2103 ei,
1271 2028 1298 2090 si

348 2136 463 2221 placet,
478 2134 612 2219 gratiam
637 2143 784 2209 vestram,
806 2145 838 2196 et
860 2129 1012 2193 adversus
1033 2128 1141 2194 hostes
1158 2129 1298 2192 ecclesiae

347 2237 464 2301 fortius
479 2234 652 2299 dimicabit.
690 2235 732 2297 Ei
747 2252 888 2318 namque
901 2231 942 2294 ad
958 2231 1075 2296 bestias
1086 2229 1295 2316 pugnandum

347 2350 406 2403 eat.
431 2338 510 2414 Quis
522 2358 664 2422 unquam
677 2356 770 2399 suum
783 2332 948 2419 suspendit
959 2331 1124 2409 athletam,
1136 2343 1173 2396 ut
1183 2330 1296 2397 fortius

348 2438 533 2503 dimicaret?
555 2440 700 2521 Puguam
713 2434 861 2521 episcopo
868 2434 1041 2512 indixistis,
1053 2447 1085 2498 et
1100 2453 1214 2497 manus
1227 2434 1297 2519 ejus

345 2540 461 2606 tenetis
482 2537 639 2625 alligatas.
693 2538 873 2624 Majestatis
893 2537 1003 2622 itaque
1021 2549 1135 2602 restrae
1158 2534 1297 2623 pedibus

347 2641 510 2727 provoluti
526 2640 752 2727 supplicamus,
772 2652 810 2704 ut
834 2639 939 2704 soluto
959 2638 1106 2726 episcopo
1121 2639 1153 2703 in
1168 2661 1222 2702 eos
1238 2637 1296 2724 qui

346 2756 456 2807 contra
472 2744 656 2829 episcopum
672 2755 705 2806 et
718 2764 776 2805 nos
791 2740 888 2824 ipsos,
897 2742 1005 2822 immo,
1015 2740 1102 2828 quod
1119 2741 1223 2825 majus
1236 2752 1296 2817 est,

346 2858 458 2909 contra
472 2844 660 2931 apostolicas
671 2842 847 2908 sanctiones
860 2843 944 2908 bona
957 2843 1096 2907 ecclesiae
1107 2865 1187 2906 ausu
1203 2842 1297 2905 socri·

347 2945 420 3030 lego
450 2946 595 3012 detinere
628 2959 836 3031 praesumunt,
866 2944 984 3010 debitae
1018 2942 1297 3009 animadversionis

345 3067 443 3133 poena
453 3061 683 3134 retorqueatur,
694 3064 725 3113 et
737 3047 902 3134 apostolici
916 3046 1053 3112 nominis
1064 3058 1297 3131 contemptores

347 3149 461 3214 reatris
483 3149 620 3215 stimulis
643 3162 818 3235 urgeantur
844 3149 885 3215 ad
909 3149 1001 3225 riam,
1026 3149 1067 3212 od
1090 3170 1197 3235 quarn,
1219 3169 1296 3211 arcu

347 3274 444 3336 quam
461 3251 579 3337 gladio,
595 3251 719 3317 facilius
734 3265 766 3316 et
782 3252 907 3316 felicius
921 3251 1125 3316 reducantur.

533 3589 754 3653 EPISTOLA
777 3590 938 3652 XV.-sn
953 3605 1107 3649 nonnata.

683 3722 829 3784 Adriano
844 3718 957 3802 Papa.

388 3856 608 3919 Sancrlrms
619 3866 733 3917 vestrae
744 3852 928 3919 mandatum
942 3875 1044 3940 nuper
1055 3855 1245 3942 accepimus,
1257 3872 1294 3924 ut

345 3953 433 4040 quod
457 3952 497 4017 de
518 3965 591 4018 ortu
615 3965 646 4017 et
669 3953 836 4018 nativitate
858 3952 1046 4019 venerabilis
1065 3955 1122 4020 riri
1147 3957 1293 4023 Gauterii

345 4056 486 4123 canonici
513 4056 613 4119 sancti
638 4056 713 4119 Rufi
737 4078 776 4119 ex
803 4055 947 4141 diligenti
974 4057 1181 4142 inquisitione
1203 4060 1294 4125 nobis

344 4157 528 4234 innotuerit,
541 4158 697 4245 majestati
710 4170 823 4221 vestrae
838 4159 1015 4241 significare
1025 4182 1087 4223 non
1100 4159 1292 4229 differamus

345 4264 409 4326 Res
423 4273 542 4336 autem,
551 4281 647 4345 quam
665 4256 821 4344 quaeritis,
832 4257 918 4345 apud
929 4282 986 4323 uos
1000 4260 1104 4325 multa
1118 4264 1294 4346 quastione

343 4385 406 4425 non
425 4361 558 4445 indiget,
578 4382 674 4445 quum
696 4360 798 4423 luceat
820 4382 878 4445 per
900 4360 1034 4446 seipsam
1054 4361 1145 4439 adeo,
1170 4377 1207 4426 ut
1226 4388 1293 4451 pras

342 4460 510 4526 nobilitate
529 4461 697 4544 majorum,
712 4458 838 4523 claritas
858 4460 958 4524 totius
977 4463 1173 4545 cognationis
1196 4466 1294 4532 latere

346 4584 409 4626 non
445 4561 556 4646 possit.
615 4560 776 4624 Praefatus
813 4582 951 4647 namque
989 4564 1174 4643 Gauterius,
1211 4567 1294 4633 sicut

345 4653 404 4750 pro
433 4676 520 4727 certo
549 4663 706 4740 novimus,
736 4661 820 4726 filius
849 4662 912 4728 fuit
939 4663 1072 4730 illustris
1101 4666 1222 4746 militis,
1252 4671 1293 4735 de

345 4779 447 4830 matre
457 4761 714 4850 nobili,legitimo
723 4763 1145 4852 susceptusmatrimonio,ct
1156 4770 1292 4835 nobilem

343 4880 489 4930 nostrum
514 4862 563 4931 W.
585 4865 626 4930 de
649 4865 780 4931 Braiosa
799 4865 902 4931 vicina
923 4866 1085 4953 sauguinis
1106 4870 1293 4955 cognatione

389 4987 461 5031 vot.
480 4987 501 5031 1.
809 4988 829 5029 c
