3300 6434
352 1225 416 1283 288
610 1239 747 1283 Joauurs
763 1239 1042 1284 saassnnnruusrs
1214 1221 1261 1300 [A.
1279 1241 1315 1284 n.

351 1390 464 1463 nostis,
479 1400 515 1451 ut
529 1385 679 1451 honestas
701 1410 830 1473 precum
854 1391 894 1455 sit
916 1390 1123 1467 moderatrix,
1139 1403 1171 1453 et
1193 1392 1227 1452 in
1252 1390 1313 1454 his

351 1490 518 1553 dumtaxat
532 1489 701 1552 audiantur
712 1492 818 1565 amici,
831 1491 948 1574 quibus
961 1493 1016 1553 illa
1027 1512 1092 1554 non
1105 1492 1309 1555 adversatur.

351 1591 532 1656 Praescribit
560 1592 645 1654 enirn
675 1593 766 1667 ratio,
795 1614 837 1655 ne
862 1614 903 1656 ex
933 1614 1029 1656 cansa
1060 1592 1209 1655 amicitiae
1240 1592 1309 1655 illi·

350 1693 414 1755 cita
436 1703 592 1775 petantur,
609 1703 664 1756 aut
686 1693 775 1756 fiant.
819 1694 904 1765 Quia
918 1715 993 1775 ergo
1008 1692 1184 1756 amicorum
1200 1694 1311 1773 gratia

350 1795 484 1856 amicum
501 1793 585 1876 apud
602 1805 722 1875 patrem
745 1807 778 1857 et
796 1793 973 1857 Dominum
989 1794 1214 1858 commendare
1230 1815 1306 1857 sus·

349 1893 431 1975 cepi,
452 1914 574 1976 precor,
590 1905 625 1955 ut
646 1895 915 1977 contemplatione
938 1895 1081 1971 Domini,
1104 1906 1136 1957 et
1156 1914 1304 1956 mearum

347 1995 528 2056 interventu
542 2015 685 2076 precum,
700 2014 783 2073 enm,
799 1995 828 2058 si
843 1995 1021 2077 expetierit,
1036 1994 1184 2070 audiatis,
1198 1995 1232 2055 in
1250 1994 1305 2057 his

348 2116 420 2177 quae
435 2094 618 2158 necessitati
635 2095 703 2177 ejus
718 2105 750 2157 et
765 2096 927 2158 honestati
939 2107 1048 2157 vestrae
1064 2094 1213 2157 discretio
1231 2094 1304 2157 dic-

349 2198 460 2261 taverit
471 2196 634 2279 expedire.
661 2198 706 2258 Et
720 2197 747 2258 si
761 2197 839 2259 sorte
851 2218 924 2260 enm
937 2196 977 2258 de
989 2196 1305 2259 conscientiasestra

347 2298 388 2360 ad
412 2319 472 2360 nos
496 2297 597 2359 redire
625 2297 804 2379 contigerit,
828 2319 878 2360 me
902 2317 996 2378 snper
1018 2308 1102 2359 statu
1126 2307 1244 2373 vestro,
1267 2309 1302 2359 et

348 2398 798 2478 amicorum‚acceptissaltem
808 2395 1009 2480 publicorum
1019 2393 1304 2460 rumorumlitteris

343 2498 463 2580 ,poterit
484 2498 661 2559 certiorare.
705 2497 757 2558 De
777 2517 850 2559 meo
866 2509 969 2559 autem
991 2505 1075 2557 statu
1096 2496 1135 2558 ad
1158 2518 1304 2579 praesens

347 2596 473 2678 parcius
484 2596 601 2668 scribo,
614 2616 678 2656 non
690 2595 767 2677 quia
782 2595 904 2677 aliquid
917 2615 1057 2657 meorum
1070 2596 1190 2658 avobis
1200 2598 1299 2658 velim

347 2716 416 2757 esse
432 2693 667 2770 absconditum,
680 2694 737 2757 sed
753 2695 829 2774 quia
845 2697 952 2758 recolo
968 2716 1018 2756 me
1041 2715 1097 2777 per
1120 2696 1299 2759 Falconem

347 2796 526 2878 nuperrime
542 2796 650 2856 omnia
664 2795 847 2877 plenissime
863 2796 1036 2858 nuntiasse.
1074 2796 1159 2857 Nam
1175 2797 1201 2858 si
1218 2797 1303 2880 quid

348 2895 602 2978 deeratpaginae,
612 2896 771 2975 grandiori
782 2896 946 2979 portitoris
957 2896 1073 2971 officio,
1083 2908 1114 2957 et
1123 2895 1305 2975 diligentia,

346 3009 431 3060 ratus
445 3019 515 3061 sum
531 3018 600 3060 esse
617 2996 841 3080 supplendum,

389 3097 484 3169 Quod
500 3095 541 3158 ad
557 3096 723 3177 publicum
739 3116 810 3158 vero
826 3108 953 3171 statum,
970 3097 1039 3159 haec
1056 3107 1168 3179 postea
1182 3099 1303 3159 multo·

345 3219 414 3260 rum
430 3196 601 3259 assertione
618 3196 747 3277 vulgata
761 3208 836 3259 sunt
851 3197 1036 3276 Anglorum,
1048 3197 1172 3259 scilicet
1186 3218 1304 3260 omnes

346 3297 516 3379 episcopos
531 3315 572 3357 ex
587 3295 738 3358 mandato
754 3297 838 3375 regis
853 3298 1051 3372 convenisse,
1067 3309 1099 3359 et
1112 3319 1153 3359 ne
1171 3307 1304 3360 senten-

344 3399 399 3474 tia,
422 3419 516 3480 qnam
539 3396 687 3459 dominus
709 3418 794 3479 papa
815 3396 1000 3471 dictaverat,
1024 3399 1129 3461 locum
1153 3399 1299 3477 haberet,

344 3499 523 3580 appellasse
556 3507 667 3560 contra
704 3497 980 3579 archiepiscopum
1011 3519 1115 3575 suum,
1145 3499 1200 3583 qui
1237 3521 1302 3581 pro

345 3601 446 3662 salute
461 3620 569 3661 eorum
585 3610 617 3661 et
631 3599 776 3660 libertate
792 3598 952 3661 Ecclesia
966 3599 1134 3662 facultates
1145 3601 1303 3682 permittit

343 3700 533 3781 raptoribus,
563 3701 719 3761 fortunam
749 3700 913 3780 periculis,
943 3701 1057 3762 samam
1088 3701 1238 3776 ludibrio,
1267 3715 1302 3765 et

345 3811 442 3881 caput
455 3800 622 3861 hostilibus
637 3799 762 3880 gladiis,
778 3801 804 3861 si
820 3822 870 3862 res
885 3803 1037 3881 exegerit,
1053 3803 1213 3883 objectare
1228 3824 1300 3864 non

251 3949 257 3959 .
345 3900 441 3975 dolet,
456 3921 520 3960 non
537 3899 695 3975 formidat,
711 3921 776 3961 non
792 3903 963 3979 erubescit,
978 3914 1032 3965 ant
1047 3903 1144 3965 timet.
1192 3906 1302 3967 Verre·

344 4012 417 4063 runt
431 3999 473 4063 ad
496 4021 569 4062 eum
585 4020 686 4081 nuper
708 4001 817 4063 clerici
842 4000 915 4077 duo,
931 4003 1014 4065 sicut
1034 4004 1110 4066 mihi
1133 4025 1191 4086 pro
1207 4016 1300 4068 certo

343 4101 476 4162 relatum
503 4110 560 4175 est,
587 4100 627 4161 ab
654 4120 692 4161 eo
719 4099 774 4182 qui
800 4114 876 4161 tunc
907 4113 973 4164 erat
1001 4104 1193 4179 Pontiniaci,
1222 4103 1298 4167 lraec

343 4201 555 4283 publicantes,
578 4212 611 4262 et
637 4202 854 4284 appellantes:
885 4223 967 4266 unus
989 4225 1032 4265 ex
1058 4215 1145 4286 parte
1172 4202 1298 4266 domini

343 4301 603 4378 SaresberiensiS,
623 4303 701 4364 alter
723 4323 765 4364 ex
788 4314 876 4382 parte
899 4300 1014 4367 decani
1037 4305 1097 4381 sui,
1117 4303 1298 4366 inficiantis

342 4403 473 4464 omnino
485 4424 517 4464 se
527 4401 743 4484 juramentum
760 4403 889 4485 aliquod
906 4404 1090 4485 praestitisse
1102 4406 1297 4487 imperatori,

343 4505 391 4566 vel
405 4503 586 4583 Reginaldo
602 4502 786 4565 Coloniensi
803 4504 1007 4567 schismatico
1027 4506 1060 4565 in
1083 4505 1190 4587 aliquo
1206 4525 1296 4566 com·
1327 4569 1333 4577 ,

341 4606 532 4667 manicasse.
577 4604 668 4666 Idem
689 4606 783 4666 etiarn
807 4605 965 4667 confitens
986 4628 1019 4668 sc
1036 4606 1185 4668 clericum
1202 4604 1295 4667 lami·

341 4706 448 4766 liarem
465 4704 505 4766 de
521 4726 629 4768 mensa
644 4706 789 4785 Magistri
805 4706 940 4767 Joannis
951 4706 991 4768 de
1007 4706 1223 4769 Oxenesordia
1237 4708 1294 4789 qui

343 4803 476 4865 clericus
491 4806 573 4885 regis
588 4815 643 4882 est,
660 4828 692 4868 se
708 4807 792 4884 regis
808 4805 849 4868 ad
867 4807 1143 4890 archiepiscopum
1161 4809 1293 4869 verbum
