3300 6434
290 1282 397 1364 ileu]
668 1301 848 1347 ualerone.
1173 1283 1231 1343 281

283 1474 402 1519 moram
425 1455 554 1533 faciunt,
568 1455 647 1517 mihi
670 1473 772 1537 nuper
794 1452 999 1533 scripserunt,
1016 1473 1049 1514 se
1066 1472 1085 1513 a
1100 1452 1231 1534 quibus·

281 1553 355 1617 dam
378 1555 577 1637 rumigerulis
599 1556 774 1639 accepisse.
799 1551 885 1637 quod
909 1572 966 1615 vos
987 1553 1071 1614 lecto
1098 1550 1229 1615 decum-

282 1655 356 1717 bere
388 1657 588 1739 compulerat
617 1654 785 1735 aegritudo,
812 1675 908 1738 quam
937 1674 1001 1715 non
1031 1663 1154 1727 natura,
1180 1653 1230 1715 vel

283 1758 407 1830 solitus,
422 1766 460 1819 ut
476 1756 522 1831 fit,
539 1757 726 1821 humanitus
742 1777 837 1819 casus
852 1755 1013 1831 intulerat,
1027 1752 1085 1816 sed
1107 1753 1234 1816 malicia

281 1856 507 1933 veneficorum,
533 1857 588 1942 qui
613 1856 734 1934 (nescio
759 1856 851 1940 cujus
877 1855 1043 1935 instinctu)
1071 1855 1173 1932 vobis,
1199 1864 1232 1918 et

280 1955 406 2019 cuidam
423 1957 489 2019 riro
509 1958 658 2039 religioso
679 1959 823 2021 toxicum
847 1956 1050 2021 miscuerunt.
1097 1955 1228 2018 Dictum

278 2068 375 2120 estet
391 2058 476 2142 quod
493 2059 605 2122 rirille
628 2060 794 2140 religiosus
814 2079 855 2121 ex
880 2080 919 2121 eo
941 2077 1039 2120 cause
1054 2056 1124 2139 jam
1139 2056 1228 2118 obiit.

280 2161 364 2233 Quia
378 2182 453 2243 ergo
468 2162 619 2226 invidiam
640 2160 851 2246 quorumdam
866 2161 957 2223 robis
978 2157 1229 2222 cohabitantium

280 2284 300 2324 a
315 2263 422 2325 multis
437 2262 552 2326 diebus
568 2264 741 2341 audieram,
756 2273 789 2326 ct
803 2263 936 2325 aliorum
957 2281 1105 2324 noveram
1120 2259 1230 2324 crude-

279 2362 410 2441 litatem,
431 2366 657 2427 nonnullorum
680 2365 773 2429 etiam
801 2363 910 2427 audax
934 2362 1066 2425 ambitio
1085 2361 1171 2423 venit
1195 2362 1230 2425 in

281 2474 431 2538 mentem,
453 2465 557 2541 timui,
582 2476 614 2528 et
638 2467 746 2542 timeo,
772 2474 805 2529 et
830 2462 934 2526 donec
956 2460 1070 2524 veritas
1092 2461 1164 2543 ipsa
1189 2460 1232 2525 ait

281 2560 398 2623 certius
419 2564 596 2646 explorata,
616 2565 736 2628 timebo
758 2584 856 2647 supra
877 2559 1018 2636 modum,
1039 2580 1080 2623 ne
1102 2560 1230 2624 diabolo

280 2672 312 2723 et
327 2663 448 2744 angelis
463 2664 542 2748 ejnn,
559 2666 613 2748 qui
629 2664 725 2728 modo
745 2665 809 2727 fere
830 2685 888 2746 pro
903 2663 997 2726 libitu
1011 2663 1045 2725 in
1061 2661 1230 2726 ecclesiam

281 2761 534 2845 debacchantur,
561 2782 692 2831 eatenus
717 2768 750 2829 in
776 2767 880 2829 bonos
909 2765 1019 2828 saevire
1045 2784 1233 2827 concessum

281 2866 330 2928 sit.
381 2867 466 2929 Ante
497 2868 625 2950 quidem
653 2868 818 2931 timueram
849 2888 890 2929 ne
920 2878 1057 2929 castnrm
1088 2866 1232 2929 ecelesiae

280 2966 372 3027 vobis
391 2967 576 3041 auferretur,
592 2990 633 3031 ne
648 2991 704 3031 ros
726 2969 822 3031 bonis
838 2968 949 3030 restris
969 2967 1074 3050 iniqui
1095 2967 1233 3049 proscri-

279 3064 401 3138 berent,
416 3087 458 3128 ne
481 3067 527 3130 illi
551 3069 606 3152 qui
627 3069 719 3131 libito
742 3076 912 3151 coaequant
933 3066 1068 3140 licitum,
1090 3067 1229 3148 compel-

279 3167 383 3228 lerent
401 3178 434 3229 ct
456 3188 512 3231 ros
537 3170 681 3233 ecclesiae
712 3169 789 3232 filiis
814 3179 847 3231 et
871 3166 1021 3231 fidelibus
1049 3168 1229 3230 coexulare.

278 3269 344 3332 Sed
364 3290 453 3347 ecce,
469 3271 603 3336 duorum
627 3275 774 3337 timorum
797 3274 883 3336 circa
904 3270 1041 3335 eundem
1064 3270 1230 3334 dominum

276 3378 311 3431 et
322 3369 458 3434 amicum
471 3372 571 3457 major
583 3372 729 3454 denigrat
740 3384 771 3436 et
782 3374 915 3435 omniuo
926 3371 1076 3434 absorbet
1087 3371 1231 3446 alterum,

278 3481 314 3531 nt
335 3469 467 3553 perinde
490 3470 577 3534 hunc
601 3473 758 3554 accipiam
774 3493 810 3534 ac
828 3472 855 3534 si
870 3471 1010 3532 animam
1034 3489 1135 3531 meam
1158 3489 1228 3552 per-

275 3581 415 3633 transeat
438 3571 575 3651 gladius,
602 3584 633 3635 et
658 3573 808 3634 humerus
838 3590 927 3632 meus
953 3590 972 3633 a
990 3570 1143 3652 junctura
1171 3590 1229 3633 sua

277 3668 382 3745 cadat,
396 3680 428 3731 et
441 3672 608 3733 brachium
624 3694 697 3735 cum
713 3672 840 3734 ossibus
862 3680 1051 3733 conteratur.
1096 3670 1228 3755 Spiritui

276 3789 347 3829 rueo
361 3789 425 3831 uon
442 3770 502 3833 erit
515 3773 652 3854 requies,
662 3772 765 3836 donec
780 3772 895 3835 veritas
910 3773 1026 3836 certius
1039 3772 1227 3838 innotescat.

275 3870 408 3932 Placeat
422 3869 530 3955 itaque
551 3871 729 3956 dignationi
745 3884 868 3951 restrae,
884 3894 955 3957 quae
970 3876 1057 3938 circa
1071 3896 1128 3939 roa
1142 3884 1227 3952 aunt,

274 3968 333 4030 sub
346 3970 432 4032 omui
448 3972 609 4036 celeritate
620 3975 698 4037 mihi
711 3974 836 4038 iuterim
852 3974 1051 4037 certitudinis
1066 3971 1226 4038 desiderio

274 4070 439 4150 languenti
471 4073 669 4156 significare:
702 4089 736 4141 et
760 4078 787 4139 si
813 4098 870 4139 ros
894 4075 969 4159 ipsi,
992 4074 1080 4159 quod
1103 4075 1224 4137 utinam

272 4172 367 4249 absit,
381 4173 456 4236 huic
473 4176 622 4256 petitioni
643 4198 723 4240 meae
739 4197 851 4240 vacare
865 4197 931 4239 non
954 4174 1097 4257 potestis,
1111 4194 1226 4257 precor

273 4274 426 4335 attentius
456 4286 491 4337 ut
520 4278 678 4358 Magister
715 4277 903 4339 Scholarnm
932 4296 1002 4339 eam
1033 4296 1106 4338 cum
1136 4276 1223 4338 omni

272 4370 439 4451 diligentia
455 4387 486 4437 et
501 4376 700 4441 festinatione
716 4388 901 4459 exequatur.
