3300 6434
243 1134 354 1213 llud]
628 1134 805 1195 srusrosar.¹
1129 1128 1188 1196 301

244 1304 299 1367 siae
315 1304 481 1380 Romanae,
491 1302 665 1365 necessitas
679 1305 769 1385 regni
784 1302 924 1384 Anglici,
939 1302 1113 1386 periculum
1128 1327 1194 1370 non

244 1403 341 1468 modo
360 1404 446 1467 sedis
461 1415 582 1481 cestrae,
603 1401 660 1466 sed
680 1405 920 1467 commissarum
936 1403 1029 1466 vobis
1043 1415 1075 1468 et
1089 1409 1193 1470 ecclc·

244 1506 362 1569 siarum
376 1516 407 1569 et
422 1505 607 1581 animarum,
623 1505 741 1588 quibus
756 1507 783 1569 si
799 1507 848 1569 vel
864 1525 1040 1582 occurrere,
1055 1508 1105 1570 rel
1121 1508 1196 1572 sub-

246 1605 352 1668 venire
382 1603 559 1687 potueritis,
586 1604 639 1665 rix
664 1606 744 1668 tanti
773 1605 897 1667 debetis
923 1603 1026 1667 fucere
1055 1607 1195 1671 animam

247 1720 394 1783 vestram,
409 1716 445 1769 ut
466 1727 532 1768 nou
554 1726 613 1789 pro
636 1707 737 1769 salute
760 1706 863 1789 ipsius
885 1706 1012 1781 animas,
1028 1718 1061 1771 et
1080 1709 1195 1772 libera·

246 1809 334 1871 tione
359 1807 504 1870 ecclesiae
528 1807 757 1888 naufragantis,
781 1807 945 1871 accedatis
967 1807 1009 1870 sd
1035 1809 1198 1893 colloquia

245 1920 519 1993 persequutorum,
534 1920 567 1972 et
587 1908 798 1991 experiamini
813 1908 896 1991 quid
907 1929 964 1990 per
984 1908 1195 1973 humilitatem

249 2022 383 2073 vestram
406 2009 553 2092 dignetur
566 2011 692 2073 efficere
712 2011 785 2094 pius
804 2010 911 2086 Jesus,
926 2009 981 2092 qui
996 2019 1071 2093 post
1084 2031 1196 2074 ascen·

248 2110 349 2174 sionis
374 2132 440 2173 suas
463 2111 594 2191 gloriam
617 2119 812 2192 protestatus
837 2119 896 2186 est,
917 2110 1002 2172 sicut
1025 2109 1058 2171 iu
1083 2109 1197 2174 litteris

249 2213 408 2275 invenitur
432 2212 635 2288 authenticis,
659 2232 692 2274 se
716 2210 821 2274 adhuc
853 2225 998 2293 paratum
1023 2232 1094 2275 esse
1118 2212 1198 2275 mori

249 2333 307 2395 pro
322 2313 508 2390 humilibus,
529 2323 562 2375 et
585 2313 689 2376 crucis
710 2312 917 2394 ignominiam
940 2313 1105 2387 sustinere,
1118 2334 1199 2395 proe·

249 2416 354 2478 sertim
370 2436 468 2498 quum
484 2415 530 2478 illi
547 2416 602 2498 qui
618 2436 673 2476 vos
687 2413 872 2497 persequuti
888 2424 971 2490 sunt,
987 2422 1022 2475 et
1036 2413 1199 2477 Christum

250 2517 283 2578 in
300 2517 398 2593 robis,
418 2515 566 2580 dicantur
588 2516 822 2598 aliquantulum
843 2537 862 2578 a
883 2514 966 2596 regis
989 2515 1090 2594 gratis
1112 2516 1199 2579 exci-

249 2617 334 2681 disse
349 2629 381 2681 et
402 2618 434 2681 io
457 2639 495 2682 ea
517 2615 701 2681 conditione
717 2616 842 2693 versari,
864 2625 899 2678 ut
921 2637 976 2679 eos
993 2616 1060 2698 jam
1083 2615 1200 2681 taedeat

248 2720 322 2782 vitae
337 2740 427 2782 meae.
473 2721 523 2782 An
540 2739 633 2781 verus
648 2717 698 2794 sit,
713 2717 833 2794 nescio,
849 2716 906 2780 sed
921 2738 1028 2780 rumor
1041 2717 1127 2802 apud
1142 2738 1202 2781 nos

250 2821 400 2903 publicus
414 2831 473 2895 est,
484 2821 550 2882 sive
566 2829 673 2882 autem
688 2820 734 2882 its
748 2819 875 2894 sit,sive
890 2840 967 2892 non,
983 2830 1069 2882 certo
1084 2821 1201 2883 certius

251 2929 312 2995 est,
327 2920 403 3003 quia
416 2918 628 3001 proculdubio
644 2918 792 2982 Christus
806 2917 1023 3000 triumphabit,
1039 2928 1072 2981 et
1087 2917 1201 2983 reddet

251 3019 425 3101 unicuique
440 3038 506 3080 non
518 3016 614 3079 modo
625 3016 722 3101 juxta
736 3036 834 3099 opera
848 3036 916 3090 sua,
928 3014 985 3078 sed
1000 3026 1032 3078 et
1046 3017 1203 3080 voluntati

253 3127 480 3182 consummatae
495 3117 628 3201 perlecti
643 3116 749 3197 operis
764 3117 915 3179 attribuet
929 3137 1089 3180 coronam.

295 3219 512 3283 Persectorum
532 3218 716 3296 amicorum,
731 3239 751 3280 a
770 3218 888 3302 quibus
908 3239 969 3300 ego
991 3233 1023 3282 et
1044 3218 1203 3302 Magister

253 3322 423 3405 Philippus
444 3341 508 3383 non
532 3319 745 3396 dissentimus,
767 3319 935 3382 consilium
959 3330 1017 3395 est,
1038 3328 1075 3382 ut
1097 3321 1123 3381 si
1143 3340 1201 3383 vos
1299 3375 1305 3388 .

252 3422 438 3508 imperatrix
449 3421 622 3497 vocaverit,
633 3417 674 3483 sd
687 3419 789 3502 ipsam
802 3418 938 3481 ducente
950 3419 1202 3502 Rothomagensi

255 3524 497 3606 archiepiscopo
512 3542 623 3585 secure
638 3519 817 3584 accedatis:
843 3531 875 3583 et
889 3521 916 3582 si
930 3521 975 3583 ibi
990 3522 1067 3585 boni
1081 3522 1202 3606 aliquid

255 3623 431 3700 audieritis,
455 3622 556 3703 agatis
581 3621 698 3703 gratias
720 3623 874 3700 Domino,
897 3622 995 3685 etita
1016 3644 1074 3706 per
1096 3625 1205 3689 omnia

254 3723 422 3802 incedatis,
451 3736 487 3787 ut
517 3723 673 3787 modestia
699 3733 803 3786 restra
836 3724 983 3787 omnibus
1014 3726 1203 3791 innotescat.

256 3825 291 3888 Si
315 3845 399 3901 roro,
421 3822 509 3908 quod
531 3824 626 3897 absit,
650 3844 741 3887 secus
763 3822 926 3901 acciderit,
948 3824 1101 3888 redeunte
1121 3846 1204 3910 prae·

255 3927 320 3990 lato
343 3925 585 4008 archiepiscopo
604 3924 637 3986 in
659 3936 773 3988 terram
797 3925 1060 4008 peregrinationis
1082 3939 1205 4004 restra,

256 4046 328 4089 cum
343 4025 510 4088 honestate
524 4036 556 4087 et
570 4026 739 4089 securitate
760 4025 968 4088 revertemini.
1013 4024 1064 4087 De
1079 4025 1205 4089 clericis

257 4144 330 4188 vero
352 4122 520 4202 ducendis,
541 4124 604 4186 hoc
627 4124 809 4199 consulunt,
824 4133 859 4185 ut
880 4144 946 4186 non
968 4123 1205 4188 multitudinem

258 4222 394 4299 ducatis,
418 4224 475 4287 sed
501 4244 632 4307 paucos,
653 4222 805 4308 providos
830 4236 863 4285 et
885 4223 1052 4302 discretos,
1075 4225 1101 4287 si
1126 4246 1206 4309 quos

259 4339 365 4389 tamen
380 4326 506 4388 habetis
528 4327 619 4401 tales,
635 4346 769 4408 quorum
792 4325 923 4406 possitis
944 4325 1037 4388 inniti
1059 4327 1207 4406 consilio,

257 4427 284 4489 si
300 4447 382 4509 opus
397 4427 501 4500 fuerit,
513 4437 546 4489 ct
560 4427 619 4489 sub
635 4436 792 4509 praetextu
807 4447 915 4488 eorum
930 4426 987 4509 qui
1003 4426 1208 4506 defuerint,si

259 4529 321 4592 hoc
351 4529 527 4591 necessitas
556 4529 710 4609 exegerit,
739 4527 925 4589 dilationem
957 4528 1088 4611 possitis
1119 4549 1207 4593 com·

259 4628 353 4692 mode
371 4630 548 4711 impetrare.
592 4629 667 4710 Ego
687 4641 792 4691 autem
815 4649 866 4691 me
888 4627 929 4690 ad
951 4628 1014 4692 hoc
1038 4649 1120 4711 opus
1141 4650 1206 4694 non

260 4731 382 4812 ingero,
401 4728 458 4792 sed
482 4750 541 4792 nec
563 4728 685 4809 refugio
708 4728 851 4812 quidem,
874 4729 974 4791 sime
997 4728 1209 4810 decreveritis,
