3300 6434
351 1245 456 1329 ilua]
701 1319 704 1324 ,
733 1265 912 1311 nrrsrotn.
1234 1254 1297 1314 287

345 1426 379 1479 et
402 1418 487 1500 regis
513 1417 707 1498 Anglorum3
746 1417 772 1479 si
799 1437 872 1479 vero
898 1417 943 1479 ita
968 1417 1103 1496 sentitis,
1129 1439 1168 1481 an
1196 1421 1297 1499 aliter,

346 1519 475 1602 publice
496 1515 717 1604 profiteamini.
764 1517 825 1581 Cui
851 1519 1007 1596 Joannes‚
1033 1517 1112 1598 Nos,
1128 1519 1242 1603 inquit,
1266 1534 1299 1585 ct

345 1619 495 1684 dominus
517 1631 624 1683 noster
649 1619 694 1682 itu
715 1619 935 1700 intelligimus,
958 1631 995 1683 ut
1015 1640 1084 1699 ros,
1098 1632 1131 1683 et
1151 1622 1212 1684 sub
1234 1623 1298 1687 hoc

345 1723 523 1799 intellectu,
552 1722 623 1786 vice
652 1722 735 1802 regis
763 1720 865 1783 nostri
891 1720 1072 1806 juramenta
1099 1733 1298 1806 praestamus.

347 1821 432 1894 Quid
444 1822 565 1887 multa?
588 1821 707 1885 exinde
719 1820 871 1885 adversus
886 1822 1062 1884 Dominum
1073 1833 1105 1885 et
1119 1823 1300 1900 ecclesiam,

346 1922 429 1983 sicut
443 1922 476 1983 in
489 1943 527 1985 ca
543 1922 813 2000 confederatione,
828 1942 1012 2006 processum
1029 1935 1087 2002 est,
1099 1922 1188 2007 quod
1202 1923 1298 1987 ctiam

345 2023 473 2104 plenius
495 2023 665 2087 adverteris
686 2045 728 2086 ex
753 2024 866 2087 litteris
888 2024 967 2087 mihi
990 2046 1093 2108 nuper
1118 2046 1138 2087 a
1164 2024 1300 2087 Colonia

347 2121 550 2203 transmissis,
566 2147 700 2210 quarum
723 2126 815 2188 vobis
838 2125 1033 2210 exscriptum
1055 2126 1156 2204 mitto,
1171 2126 1206 2188 in
1229 2126 1298 2209 qui·

346 2226 408 2289 bus
430 2248 489 2289 rex
513 2228 640 2290 nunciis
663 2228 728 2290 suis
751 2227 904 2290 adversus
919 2226 1182 2292 cantuariensem
1205 2227 1298 2290 ituris

345 2327 495 2403 Romam,
510 2328 705 2392 conductum
720 2329 812 2413 petit,
829 2340 861 2392 et
877 2350 942 2412 qua
956 2328 1126 2392 devotione
1142 2330 1297 2393 Romanae

347 2429 491 2494 ecclesiae
517 2430 611 2494 sacile
635 2431 824 2494 innotescet.
869 2432 989 2495 Verum
1015 2432 1048 2493 in
1077 2431 1202 2515 laqueis
1232 2432 1297 2495 suis

347 2531 657 2615 comprehendentur
674 2532 787 2616 iniqui,
807 2543 839 2595 et
860 2534 915 2615 qui
939 2533 1023 2596 fratri
1049 2532 1171 2595 foveam
1196 2543 1299 2617 parat,

345 2631 467 2695 incidet
481 2633 514 2695 in
539 2654 609 2697 enm
633 2633 729 2714 prior.
776 2634 868 2695 Felix
884 2643 991 2696 tamen
1006 2646 1054 2695 est
1078 2633 1184 2715 quiin
1201 2633 1298 2699 tantis

344 2732 471 2797 insidiis
494 2735 668 2798 meretricis
683 2756 817 2816 magnas,
833 2746 867 2798 et
889 2735 1012 2817 impetu
1035 2735 1147 2798 bestiae
1172 2735 1298 2799 consci-

345 2835 463 2898 entiam
495 2857 617 2900 servare
643 2846 750 2919 potest
774 2846 806 2898 et
834 2836 963 2913 famam,
988 2836 1119 2899 alteram
1146 2835 1300 2915 Domino,

345 2939 477 3001 alteram
499 2938 659 3021 proximo,
674 2948 840 3019 utramque
856 2938 927 3000 sibi.
975 2939 1060 3000 Num
1081 2936 1194 3021 quiex
1211 2937 1300 3022 justa

345 3059 443 3101 causa
469 3040 609 3119 arguitur
634 3039 814 3102 alterutrius
840 3037 1046 3120 dispendium
1071 3037 1186 3117 facere,
1213 3039 1299 3103 unde

345 3139 494 3203 solatium
520 3138 648 3216 habeat,
674 3139 736 3201 nisi
758 3138 871 3201 virtute
900 3136 1036 3201 redimat
1064 3138 1152 3221 quod
1182 3140 1299 3219 amisit,

346 3241 476 3305 omnino
491 3262 556 3304 non
573 3241 675 3305 video.

391 3344 472 3407 Inde
494 3343 652 3428 estquod
676 3345 850 3408 novissimo
869 3346 1043 3409 litterarum
1059 3356 1228 3409 vestrarum
1250 3365 1300 3408 re·

346 3446 510 3530 spondens
535 3447 680 3520 articulo,
705 3467 820 3530 precor
845 3447 996 3510 attentius
1022 3466 1078 3527 per
1103 3444 1299 3509 ineffabilem

346 3547 508 3611 caritatem
525 3547 669 3623 Domini,
686 3559 854 3629 quatenus,
869 3547 896 3607 si
913 3545 953 3608 de
975 3566 1057 3628 pace
1074 3567 1154 3624 mea,
1171 3547 1220 3609 vel
1241 3566 1301 3629 per

345 3647 617 3711 Archidiaconum
633 3659 780 3723 restrum,
795 3648 844 3707 vel
861 3666 919 3729 per
933 3647 1043 3723 alium,
1058 3646 1145 3731 quod
1169 3647 1300 3731 quidem

346 3746 504 3824 desidero,
519 3746 705 3810 censueritis
719 3745 893 3827 agendum,
904 3768 973 3810 eam
988 3747 1020 3809 in
1037 3749 1095 3812 tali
1109 3747 1210 3812 forma
1225 3768 1299 3832 pro·

346 3849 474 3926 curetis,
490 3870 562 3932 qnae
583 3848 687 3926 famae,
702 3849 766 3911 imo
783 3849 987 3913 conscientie
1002 3850 1118 3913 famam
1140 3850 1297 3931 integram

346 3947 562 4014 conservantis
591 3970 656 4011 non
686 3950 787 4032 possit
816 3952 927 4014 afferre
953 3950 1167 4035 dispendium.
1212 3952 1299 4024 Quid

278 4096 282 4104 -
344 4053 428 4115 enim
444 4050 611 4135 prodesset
628 4050 784 4116 mundum
799 4054 915 4117 lucrari
933 4054 1122 4131 universum,
1137 4064 1169 4116 et
1191 4051 1225 4115 in
1247 4053 1299 4117 his

344 4151 534 4237 periclitari?
555 4153 640 4217 Etsi
652 4174 702 4216 me
715 4151 868 4229 sideritis,
881 4154 969 4237 quod
982 4155 1073 4217 Deus
1084 4165 1215 4232 avertat,
1225 4174 1298 4236 pro·

344 4274 421 4315 num
443 4253 483 4316 ad
507 4252 628 4336 aliquid
644 4252 861 4335 turpitudinis,
877 4252 966 4336 quod
988 4253 1021 4314 in
1045 4253 1106 4314 mei
1130 4253 1298 4332 similibus,

344 4374 430 4436 srepc
443 4375 485 4415 ex
501 4351 693 4426 infirmitate,
705 4373 833 4435 semper
847 4365 952 4416 autem
965 4374 1007 4415 ex
1019 4353 1115 4436 culpa
1126 4354 1297 4434 contingit,

344 4455 498 4533 sublevet,
527 4475 647 4538 quasso,
679 4475 729 4516 me
759 4454 894 4519 dextera
924 4465 1037 4518 rostra
1091 4451 1161 4538 Ego
1190 4466 1298 4520 autem

345 4554 474 4617 nomine
499 4549 706 4637 turpitudinis
731 4555 864 4618 arbitror
893 4555 1047 4620 contineri
1074 4555 1230 4640 quicquid
1256 4557 1297 4621 de

345 4655 499 4720 industria
514 4658 713 4741 proesumitur
731 4668 845 4721 contra
867 4658 1052 4720 Dominum.
1097 4657 1189 4722 Licet
1211 4657 1298 4722 enim

344 4770 376 4822 et
391 4758 437 4821 rei
452 4756 616 4821 familiaris
631 4760 788 4840 angustia,
803 4770 836 4823 et
850 4760 1059 4840 refrigescens
1081 4760 1196 4825 caritas
1218 4763 1296 4827 ami·

344 4882 454 4925 corum
478 4882 631 4940 meorum,
654 4883 704 4926 me
726 4872 758 4926 et
781 4861 910 4926 tratrem
936 4883 1053 4941 meum,
1076 4863 1131 4947 qui
1154 4864 1233 4929 mihi
1255 4886 1297 4929 ex
