3300 6434
403 1222 465 1281 160
652 1232 789 1278 ronuurs
806 1229 1084 1274 sannsunmnnsrs
1261 1211 1306 1290 [a.
1324 1228 1355 1272 n.

400 1386 509 1470 itaque
523 1382 699 1467 dignationi
715 1394 840 1455 vestroe,
857 1402 958 1465 usque
980 1379 1020 1443 ad
1036 1378 1164 1444 illorum
1179 1378 1353 1443 adventum

399 1508 524 1551 causam
550 1484 774 1548 monachorum
799 1481 899 1545 sancti
919 1482 1054 1562 Bertini,
1068 1495 1101 1547 et
1124 1482 1250 1546 Osberti
1267 1483 1354 1546 Ebo-

400 1609 463 1651 rac.
486 1585 607 1650 archid.
624 1599 655 1650 et
674 1584 700 1648 si
715 1606 781 1670 qua
796 1605 864 1661 nos,
879 1597 910 1646 et
926 1605 1060 1668 regnum
1088 1581 1212 1669 Angliae
1226 1586 1355 1669 negotia

398 1688 600 1773 contingunt,
615 1684 824 1772 suspendere:
854 1687 1003 1769 quoniam
1020 1684 1066 1747 illi
1082 1706 1178 1771 super
1188 1684 1238 1749 his
1253 1689 1353 1750 omni-

399 1788 462 1852 bus
476 1786 696 1852 discretionem
713 1799 849 1850 vestram
864 1784 981 1848 facient
997 1784 1174 1866 certiorem,
1187 1799 1219 1850 et
1234 1786 1353 1851 auditis

397 1890 443 1952 eia
468 1888 508 1952 ad
533 1888 669 1973 singula,
698 1888 837 1952 Domino
866 1885 1019 1972 propitio,
1046 1886 1152 1953 tutius
1180 1900 1213 1952 et
1243 1887 1351 1953 utilius

396 1990 587 2077 procedetis.

570 2211 794 2276 EPISTOLA
817 2212 996 2275 CXL-sn
1012 2228 1167 2276 nunonis.

636 2361 777 2424 Domino
793 2360 895 2442 Papa
911 2363 1103 2425 Almandro.

441 2496 592 2558 Punica
605 2491 797 2576 opinionem,
813 2504 845 2555 et
860 2504 971 2556 contra
981 2515 1080 2579 spem,
1094 2493 1210 2559 litteroe
1225 2508 1350 2571 vestrae,

399 2616 534 2680 quarum
545 2592 691 2678 jucunda
702 2591 780 2656 solet
795 2616 863 2657 esse
871 2592 1048 2681 conceptio,
1060 2595 1151 2660 nobis
1166 2598 1348 2660 moestitiam

397 2695 584 2761 attulerunt.
630 2695 736 2771 Quum
766 2695 850 2757 enim
880 2695 921 2759 ad
953 2695 1091 2760 Galliam
1121 2719 1193 2761 cum
1224 2719 1349 2763 summo

396 2794 553 2861 desiderio
561 2793 816 2880 praestolaremur
828 2794 1001 2860 adventum
1010 2809 1162 2874 vestrum,
1170 2796 1348 2881 accepimns

328 2917 333 2932 ·
397 2920 454 2961 vos
476 2896 517 2961 ad
540 2896 664 2966 urbem,
689 2894 810 2958 utinam
834 2895 1025 2961 salubriter!
1057 2920 1125 2962 esse
1143 2919 1295 2971 reversos,
1318 2908 1350 2960 et

397 2998 463 3084 spei
486 3010 601 3061 nostrae
625 2999 668 3060 sio
693 3008 878 3060 evacuatam
901 3020 968 3061 esse
993 2998 1149 3065 laetitiam.
1194 3002 1352 3063 Proeterea

397 3100 565 3185 petitiones
594 3108 710 3162 nostrae
739 3112 911 3163 caruerunt
940 3100 1067 3178 effectu,
1093 3102 1168 3187 quia
1192 3101 1351 3165 Scriniarii

399 3200 506 3275 vestri,
528 3213 563 3265 ut
586 3199 764 3285 scripsistis,
785 3214 909 3265 nostras
923 3200 1007 3265 forte
1026 3201 1148 3265 litteras
1166 3202 1351 3266 amiserunt.

398 3301 467 3365 Nos
481 3315 585 3366 autem
601 3302 763 3386 quomodo
776 3323 945 3387 possumus
961 3301 1166 3366 acerbitatem
1182 3303 1351 3389 utriusque

397 3401 563 3467 infortunii
592 3402 778 3483 relevantes,
806 3402 937 3467 nuntios
970 3401 1029 3488 qui
1059 3424 1114 3465 vos
1143 3401 1211 3466 vice
1241 3418 1350 3467 nostra

399 3504 537 3579 visitent,
560 3515 592 3567 et
617 3505 796 3568 litterarum
825 3504 941 3568 damna
965 3516 1155 3580 restaurent,
1178 3504 1239 3567 sub
1263 3507 1350 3569 omni

397 3605 557 3670 celeritate
573 3604 727 3669 adsedem
744 3605 949 3692 apostolicam
962 3604 1176 3669 destinamus:
1202 3620 1349 3689 rogantes

399 3719 435 3771 ut
464 3730 590 3771 causam
614 3708 842 3771 monachorum
871 3709 971 3772 sancti
998 3708 1135 3785 Bertini,
1158 3720 1189 3771 et
1220 3708 1349 3773 Osberti

397 3807 608 3872 Eboracensie
618 3808 840 3889 archidiaconi,
852 3822 884 3874 et
898 3809 924 3874 si
937 3832 1001 3895 qua
1012 3809 1052 3872 ad
1065 3832 1133 3886 nos,
1150 3808 1200 3871 vel
1216 3833 1348 3895 regnum

398 3910 526 3995 Anglioe
541 3911 667 3995 negotia
682 3923 838 3996 spectant,
854 3934 956 3995 usque
970 3909 1010 3973 ad
1027 3910 1152 3974 illorum
1175 3911 1348 3975 adventurn

394 4012 539 4097 protrahi
561 4012 693 4076 faciatis.
746 4011 815 4074 Illis
830 4014 913 4075 eninr
937 4010 1068 4087 auditis,
1092 4025 1221 4074 auctore
1238 4014 1349 4075 Domi-

398 4135 451 4189 no,
468 4112 592 4198 singula
608 4111 766 4175 salubrius
782 4111 938 4174 statuetis.

545 4417 768 4481 EPISTOLA
791 4418 989 4481 CXII.-an
1004 4434 1197 4480 namuurum.

398 4571 510 4632 Amico
524 4586 583 4629 suo
602 4566 766 4628 carissimo
780 4568 937 4647 magistro
955 4568 1097 4651 Emulso
1110 4589 1191 4631 suus
1206 4570 1351 4634 Joonnes

526 4669 677 4742 salutem,
692 4676 723 4730 et
739 4686 822 4730 uerae
840 4668 1017 4731 dilectionis
1031 4670 1222 4752 obsequium.

443 4803 613 4862 Domuum
634 4797 854 4862 cancellarium
877 4800 940 4862 scio
960 4803 1187 4886 emergentium
1210 4804 1352 4868 tumultu
