3300 6434
346 1170 455 1249 llud]
728 1186 906 1233 nursinum.
1230 1174 1294 1232 325

343 1338 451 1403 divina
475 1340 655 1422 indignatio
682 1340 716 1402 in
743 1339 894 1403 diuturna
922 1340 1064 1423 procella
1094 1341 1293 1422 tempestatis

343 1441 439 1525 hujus
454 1441 646 1522 emergentis
666 1441 707 1503 ab
724 1441 883 1524 Aquilone
906 1450 1018 1504 contra
1039 1441 1206 1505 ecclesiam
1227 1461 1292 1502 non

343 1541 488 1625 permisit
503 1563 584 1620 esse,
593 1563 636 1606 ex
652 1563 751 1605 causa
765 1542 939 1605 liberalitas
950 1543 1028 1604 mihi
1044 1552 1098 1606 aut
1109 1543 1187 1605 meis
1202 1541 1293 1604 exht

342 1644 431 1713 bitae,
446 1643 617 1706 multorum
632 1643 818 1707 debitorem.
865 1644 971 1716 Quum
987 1654 1093 1706 tamen
1109 1653 1184 1708 ante
1199 1643 1292 1706 obse·

344 1743 427 1827 quiis
450 1756 482 1807 et
504 1743 671 1806 beneficiis
692 1743 917 1827 promeruerim
942 1745 1076 1806 multos:
1110 1744 1137 1806 si
1162 1741 1293 1827 quidem

337 1843 407 1926 jam
430 1843 520 1906 exilii
543 1844 605 1905 mei
628 1854 758 1928 quartus
781 1844 883 1924 agitur
904 1863 1018 1920 annus,
1038 1855 1070 1905 et
1088 1842 1198 1905 tertius
1219 1863 1294 1926 pro·

343 1945 537 2028 scriptionis,
547 1965 608 2008 nec
624 1966 753 2029 possum
769 1945 832 2007 nisi
849 1944 889 2007 de
905 1964 1080 2028 paucorum
1094 1943 1158 2007 fide
1173 1943 1293 2006 amico-

343 2067 423 2122 rum,
438 2048 487 2109 vel
503 2068 607 2131 pauca
628 2059 660 2111 et
681 2069 779 2132 parva
793 2047 834 2110 ad
855 2049 995 2111 animum
1016 2045 1167 2111 reducere
1182 2066 1294 2108 monu-

344 2158 463 2211 menta.
507 2150 593 2211 Nam
615 2149 744 2232 plurimi
769 2149 801 2211 in
825 2149 956 2212 Photini
979 2147 1125 2211 videntur
1140 2147 1295 2211 incidisse

344 2251 544 2328 sententiam,
557 2250 706 2323 dicentis,

449 2399 505 2451 Dat
515 2415 606 2470 peenas
615 2397 721 2451 laudata
733 2397 810 2463 tides,
821 2415 901 2467 quum
912 2398 1023 2450 sustinet
1034 2397 1092 2451 illos

450 2485 524 2546 Quos
534 2482 637 2536 fortuna
647 2486 750 2556 premit.
786 2485 861 2537 Fatis
873 2483 975 2547 aceede,
989 2482 1113 2552 Deisque,

450 2569 487 2621 Et
497 2568 554 2621 cole
564 2567 662 2632 felices,
674 2570 780 2621 miseros
790 2568 863 2635 frige,
875 2568 961 2620 sidera
972 2570 1047 2620 terris

452 2654 492 2705 Ut
503 2655 610 2719 distant,
621 2661 651 2706 ut
662 2654 768 2706 flamma
779 2655 852 2718 mari,
864 2655 900 2706 sie
912 2653 977 2706 utile
988 2660 1068 2707 recto.

449 2739 533 2792 Nulla
544 2738 611 2792 fides
621 2757 744 2809 umquam
755 2741 864 2792 miseros
876 2738 958 2807 elegit
968 2740 1074 2792 amicos.

346 2876 428 2938 Hoec
448 2875 589 2958 protecto
612 2884 661 2936 est
681 2872 853 2957 prudentia
875 2874 988 2951 carnis,
1003 2875 1146 2937 Domino
1167 2881 1294 2959 procul-

348 2975 449 3040 dubio
468 2974 609 3050 inimica,
631 2970 782 3048 mendax,
802 2972 899 3055 plena
921 2972 1128 3056 turpitudine,
1148 2976 1294 3041 vitiorum

347 3087 449 3138 mater
463 3083 495 3137 et
509 3074 626 3136 nutrix.
670 3074 716 3136 Et
735 3073 887 3157 quoniam
903 3095 1017 3156 parens
1033 3074 1127 3137 altrix
1144 3076 1295 3142 virtutum

347 3186 380 3241 et
395 3178 570 3239 officiorum
586 3175 778 3238 moderatrix
793 3174 1011 3258 philosophia,
1025 3197 1090 3238 non
1107 3177 1204 3242 morlo
1219 3177 1297 3244 flde-

345 3279 435 3353 lium,
451 3279 507 3342 sed
529 3279 622 3340 etiam
644 3277 811 3359 gentilium
828 3277 997 3339 verissimis
1020 3291 1052 3341 et
1074 3278 1296 3345 eruditissimis

346 3378 521 3441 rationibus
547 3376 678 3440 damnat
702 3385 735 3438 et
765 3374 946 3438 detestatur.
999 3376 1182 3442 Praescribit
1209 3381 1296 3445 enim

347 3480 499 3562 quoniam
525 3477 602 3539 utile
623 3488 656 3539 et
677 3477 847 3539 honesturn
874 3496 908 3538 se
931 3476 1159 3558 praedicatione
1184 3491 1296 3547 mutua

345 3578 623 3655 circumscribunt,
637 3588 672 3640 ut
686 3577 767 3640 nibil
788 3576 884 3639 unius
905 3576 1049 3640 admittat
1062 3600 1190 3658 nomen,
1206 3584 1293 3669 quod

345 3700 411 3743 non
442 3689 475 3742 et
503 3679 634 3741 alterius
663 3679 773 3760 exigat
800 3678 964 3740 rationem.
1024 3680 1100 3743 Hoc
1129 3683 1294 3769 utriusque

347 3780 528 3844 testamenti
550 3779 662 3842 astruit
682 3779 809 3862 pagina,
832 3775 893 3842 hoc
920 3798 1062 3843 consona
1084 3802 1162 3846 voce
1184 3788 1294 3851 matris

346 3880 490 3944 ecclesiae
504 3878 653 3943 doctores
667 3875 853 3961 praedicant,
868 3878 1018 3961 quoniam
1036 3901 1107 3966 quae
1121 3881 1294 3949 inhonesta

345 3992 378 4045 et
398 3983 502 4065 turpia
523 3990 609 4057 sunt,
624 3978 828 4063 dispendium
851 3978 980 4063 quidem
1002 3982 1112 4044 salutis
1133 3983 1293 4065 ingerunt,

347 4095 380 4147 et
393 4086 482 4147 nulla
496 4084 616 4148 ratione
630 4094 766 4166 possunt
780 4102 852 4145 esse
871 4081 970 4143 utilia.
1016 4081 1102 4153 Quid
1118 4085 1205 4147 enim
1219 4107 1292 4169 pro·

345 4183 426 4248 derit
436 4185 569 4261 homini,
581 4184 608 4245 si
620 4182 773 4246 mundum
785 4184 925 4245 lucretur
934 4181 1125 4261 uuiversum,
1136 4196 1168 4248 et
1179 4187 1293 4253 animae

346 4305 413 4347 suae
436 4284 660 4348 detrimentum
687 4281 876 4368 conquirat?
914 4283 981 4347 Sed
1006 4282 1046 4348 ad
1073 4307 1181 4349 rocem
1208 4289 1291 4354 hanc

344 4386 492 4466 vulgares
520 4386 615 4449 amici
645 4384 890 4464 obsurdescunt,
915 4385 970 4470 qui
994 4387 1104 4450 volunt
1127 4389 1294 4456 beneficiis

344 4486 488 4569 obligari,
502 4507 566 4549 non
589 4486 742 4569 obligare,
762 4485 816 4569 qui
836 4485 933 4549 fidem
951 4487 1152 4551 umbratilem
1170 4492 1293 4570 (veram

343 4587 429 4649 enim
450 4607 514 4648 non
534 4587 667 4663 habent)
685 4599 811 4669 ponunt
832 4595 865 4650 et
886 4585 1051 4670 deponunt
1070 4588 1111 4652 ad
1131 4593 1293 4658 arbitrium

342 4688 488 4768 sortunae,
501 4688 558 4770 qui
580 4698 617 4751 ut
636 4688 910 4772 qualitercumque
925 4689 1043 4770 vivant,
1059 4689 1197 4768 vivendi,
1221 4716 1292 4778 quae

341 4811 441 4872 penes
469 4791 568 4854 solam
594 4790 739 4853 virtutem
769 4800 854 4867 sunt,
883 4790 1038 4873 abjiciunt
1060 4812 1180 4859 causus.
1225 4797 1301 4869 Ex·,=
