3300 6434
355 1264 528 1343 llio-8]
734 1279 914 1326 rasarone.
1257 1261 1317 1319 28·

349 1456 387 1495 eo
411 1433 499 1520 quod
523 1431 671 1519 ajudice
693 1431 842 1517 delegato
867 1429 925 1493 nisi
948 1429 990 1492 ad
1015 1426 1214 1513 delegantem
1244 1448 1299 1511 ap-

349 1533 460 1617 pellari
476 1556 537 1597 non
555 1532 656 1597 licent.
701 1530 791 1595 Alter
810 1532 920 1617 itaque
938 1527 1120 1593 Willelmus
1134 1528 1240 1592 statim
1256 1524 1297 1589 ad

348 1634 453 1698 sedem
476 1634 680 1721 apostolicam
700 1633 886 1737 appellavit,
905 1629 988 1696 diem
1004 1632 1174 1717 praefigens
1195 1626 1299 1693 calen-

348 1735 406 1799 das
424 1737 541 1801 Maias.

522 2077 745 2140 EPISTOLA
768 2076 949 2139 xxa-m
964 2092 1117 2138 ananau.

683 2209 829 2272 Adriano
844 2210 956 2293 Papa.

392 2346 497 2417 Quum
513 2342 595 2407 inter
615 2341 795 2413 Robertum
812 2340 1035 2426 Winegotuin,
1049 2353 1082 2405 et
1098 2340 1298 2408 willelmum

348 2442 389 2507 de
403 2444 624 2509 sturministra
638 2464 734 2529 super
749 2441 940 2528 quibusdam
955 2443 1154 2529 parochianis
1168 2456 1199 2508 et
1215 2443 1299 2508 deci·

349 2546 420 2621 mis,
444 2546 572 2610 sedente
602 2545 770 2609 Adelelmo
798 2544 1021 2611 archidiacono
1052 2549 1196 2611 Dorsetae
1224 2569 1299 2612 con-

350 2648 503 2712 troversia
514 2660 703 2723 verteretur,
715 2646 878 2712 Robertus
893 2660 1020 2733 petente
1036 2670 1072 2711 ea
1088 2647 1147 2712 sibi
1163 2648 1300 2724 restitui,

346 2750 483 2837 eoquod
494 2748 666 2838 aliquando
679 2749 737 2814 sibi
750 2750 933 2836 adjudicata
944 2763 976 2814 et
986 2750 1146 2835 resignata
1153 2750 1298 2827 fuissent,

348 2852 437 2938 quod
452 2866 484 2917 et
501 2853 635 2918 testibus
655 2876 687 2916 se
707 2852 843 2938 probare
866 2866 1011 2938 paratum
1031 2853 1202 2930 asserebat,
1219 2873 1300 2938 praa·

347 2952 457 3018 dictus
486 2954 678 3029 Willelmus,
708 2953 861 3017 adversus
897 2975 993 3039 quem
1023 2966 1060 3017 ut
1091 2975 1297 3039 possessorem

348 3056 531 3141 petebatur,
545 3057 585 3121 ad
601 3070 740 3121 nostram
756 3056 949 3120 audientiam
965 3055 1151 3143 appellatit.
1190 3057 1297 3135 Quum

346 3158 455 3244 itaque
476 3172 585 3223 nostro
607 3182 639 3223 se
660 3158 846 3244 conspectui
868 3158 963 3222 ambo
984 3171 1238 3243 praesentassent,
1260 3182 1299 3224 eo

346 3257 433 3343 quod
449 3258 647 3336 Willelmus,
659 3260 733 3323 licet
748 3257 967 3344 appellaverit,
983 3258 1112 3324 minime
1127 3257 1299 3325 instmctus

347 3371 489 3435 venerat,
512 3359 553 3423 ad
574 3359 784 3424 venerabilem
805 3360 936 3425 fratrem
952 3373 1094 3427 nostrum
1118 3360 1299 3424 Jocclinnnr

349 3460 616 3525 saresberiensem
630 3461 833 3525 diocesariam
847 3483 956 3526 eorum
972 3462 1153 3546 episcopum
1170 3483 1299 3525 causam

347 3560 500 3625 duximus
520 3562 755 3637 remittendam,
776 3562 833 3646 qui
854 3583 955 3646 quum
976 3562 1008 3624 in
1033 3560 1156 3647 synodo
1179 3583 1237 3625 sua
1258 3561 1299 3625 de

345 3684 441 3725 causa
467 3662 657 3727 sufficienter
678 3662 890 3748 cognovisset,
913 3661 1012 3727 itaet
1035 3675 1072 3725 ut
1095 3662 1136 3726 ad
1159 3685 1299 3748 pronun-

346 3759 495 3826 ciandum
515 3761 746 3845 accingeretur,
762 3760 954 3847 saepedictus
973 3763 1028 3826 W.
1050 3762 1188 3828 secundo
1207 3763 1299 3828 audi·

346 3860 463 3924 torium
479 3860 663 3947 appellavit.
695 3863 801 3940 Quum
814 3875 921 3926 autem
933 3861 985 3926 die
997 3862 1201 3949 appellationi
1217 3887 1302 3951 prae·

345 3961 411 4026 lixa
425 3963 455 4027 in
472 3963 643 4050 praesentia
664 3975 771 4030 nostra
786 3965 881 4029 ambo
903 3963 1060 4050 litigaturi
1082 3967 1299 4049 consisterent,

345 4065 538 4153 saepedictus
565 4067 741 4146 Robertus,
766 4067 921 4154 petitione
952 4090 1011 4130 sua
1038 4088 1133 4154 super
1155 4070 1298 4155 praefatis

346 4170 544 4254 parochianis
565 4184 597 4235 et
615 4168 747 4235 decimis
767 4173 925 4257 exposita,
942 4183 1005 4233 tres
1026 4182 1121 4235 testes
1142 4162 1297 4257 produxit

345 4271 652 4354 sacerdotes‚jurare
665 4285 792 4356 paratos
808 4294 841 4334 se
856 4285 1029 4356 praesentes
1040 4272 1181 4337 adfuisse
1197 4296 1296 4358 quum

344 4371 455 4434 ordine
487 4371 658 4457 judiciario
688 4371 909 4456 adjudicatum
939 4372 1045 4437 iuerat
1074 4374 1216 4438 Roberto
1239 4375 1297 4459 jus

346 4472 524 4556 parochiale
539 4472 625 4558 qnod
646 4473 787 4559 petebat,
802 4495 875 4535 cum
899 4472 1040 4536 decimis.
1087 4474 1212 4551 Quibus
1227 4475 1298 4541 dili-

344 4586 457 4658 genter
467 4574 665 4651 examinatis,
678 4586 710 4637 et
722 4574 797 4638 satis
812 4574 1022 4639 concordibus
1037 4575 1183 4653 inventis,
1195 4601 1296 4664 quum

340 4676 409 4759 jam
436 4688 507 4761 post
531 4690 679 4762 suscepta
705 4675 833 4741 testium
853 4676 1036 4762 juramenta
1061 4681 1296 4764 pronuntiaturi

347 4799 496 4851 essemus,
523 4778 735 4843 assidentibus
763 4777 857 4842 nobis
881 4777 1115 4845 venerabilibus
1143 4781 1296 4847 fratribus

346 4880 471 4958 nostris,
489 4879 615 4945 Hilario
630 4880 830 4955 cicestrensi,
847 4880 995 4945 Gilberto
1011 4881 1248 4961 Hereiordensi,
1263 4898 1296 4948 et
