3300 6434
357 1314 550 1394 rita—64]
739 1334 916 1378 uersronst.
1241 1325 1303 1383 139

354 1480 395 1545 R.
412 1506 541 1569 quoque
557 1484 597 1547 de
615 1484 725 1546 Passu.
741 1506 893 1567 generum
911 1486 1121 1549 archidiaconi
1139 1487 1178 1550 ad
1196 1488 1300 1552 sedem

353 1583 557 1669 apostolicam
578 1586 887 1650 excommunicatum
909 1588 1142 1665 transmittatis,
1157 1613 1194 1652 eo
1214 1590 1302 1674 quod

352 1687 503 1750 instinctu
534 1686 652 1751 diaboli
683 1687 906 1771 presbyterum
943 1689 1110 1754 interfecit.
1171 1689 1303 1753 Noverit

352 1800 459 1850 autem
482 1787 722 1851 archidiaconus
737 1787 816 1873 quid
840 1811 912 1852 enm
929 1803 1153 1875 consequatur,
1176 1790 1201 1852 si
1222 1812 1303 1874 prae-

352 1888 441 1952 dicto
457 1890 609 1974 sacrilego
624 1889 856 1952 communicare
871 1913 966 1955 ausus
981 1904 1039 1970 est,
1050 1891 1127 1954 dum
1143 1915 1161 1954 a
1177 1890 1304 1977 partici-

352 1990 480 2071 patione
502 1989 570 2074 ejus
593 1988 753 2053 ecclesiam
774 1990 924 2055 abstinet.
971 1992 1179 2077 Praecipimus
1200 2006 1235 2056 ut
1256 2015 1306 2055 ec-

354 2089 481 2154 clesiam
509 2090 550 2153 de
571 2091 690 2175 Ringet
716 2114 788 2154 cum
813 2091 990 2157 ablatorum
1015 2094 1198 2177 integritate
1225 2116 1305 2180 prae·

354 2191 514 2256 nominato
537 2192 711 2275 R[icardo]
738 2193 862 2256 restitui
885 2194 1019 2258 faciatis.
1069 2194 1162 2271 Quod
1179 2196 1204 2257 si
1221 2194 1305 2259 Rad.
1384 2201 1391 2213 “

353 2305 524 2357 extraneus
554 2294 669 2358 nostris
699 2308 731 2358 et
761 2294 874 2358 vestris
899 2294 1055 2359 mandatis
1079 2295 1207 2358 obedire
1232 2317 1305 2359 con-

354 2396 529 2480 tempserit,
545 2396 576 2459 in
593 2419 665 2459 eum
682 2396 882 2460 severitatem
898 2396 1115 2461 ecclesiastica>
1130 2397 1305 2483 disciplinae

349 2519 495 2560 exercere
507 2520 567 2560 non
582 2498 744 2561 differatis.
790 2498 823 2562 Si
837 2512 943 2562 autem
960 2499 1112 2562 adversus
1128 2498 1300 2564 Ricardum

350 2598 472 2685 aliquid
496 2601 577 2685 jnris
602 2601 659 2664 sibi
684 2614 863 2686 competere
886 2601 1068 2677 crediderit,
1090 2600 1172 2665 iliud
1199 2600 1303 2665 media

349 2707 511 2787 aequitate,
528 2704 582 2766 ubi
601 2704 724 2789 justum
742 2702 851 2778 faverit,
867 2703 1070 2789 postmodum
1087 2702 1205 2789 poterit
1219 2702 1302 2768 obti-

350 2825 433 2866 nere.

359 3111 595 3176 EPISTOLA
621 3111 747 3174 XCIII
753 3131 851 3174 .-ao
868 3130 1067 3175 nanrsraon
1083 3131 1291 3176 naunmoou.

348 3265 458 3325 Arte-ico
487 3272 519 3326 et
549 3272 684 3346 capreolo
713 3286 770 3326 arco
800 3267 954 3346 inoptatae
987 3266 1025 3325 G.
1052 3286 1130 3327 anua
1158 3264 1301 3327 Jourrnea

489 3367 566 3432 Sar.
584 3367 732 3443 solertem,
748 3376 778 3429 et
794 3367 905 3450 siquid
920 3388 957 3428 aa
966 3367 1158 3448 jucundius.

390 3517 498 3592 Quum
527 3538 621 3601 saepe,
649 3515 751 3579 rarius
777 3529 882 3578 tamen
905 3535 1001 3598 quam
1027 3511 1150 3589 vellem,
1177 3509 1299 3575 litteras

349 3630 468 3680 vestras
493 3618 675 3703 receperim,
706 3615 866 3679 nullarum
895 3613 1015 3699 gratior
1040 3612 1102 3676 fuit
1132 3611 1300 3695 adventus,

347 3741 445 3802 quam
471 3717 595 3781 illarum
621 3741 694 3802 quae
717 3716 795 3779 mibi
820 3717 881 3778 sub
904 3714 1086 3778 domesticae
1111 3713 1300 3780 eruditionis
1360 3743 1365 3754 ·

347 3819 537 3881 auctoritate
553 3819 770 3883 necessitatem
786 3816 927 3880 veritatis
938 3814 1132 3882 indixerunt.
1164 3816 1299 3881 Gaudeo

346 3942 485 4006 namque
507 3921 593 4006 quod
616 3920 655 3984 de
676 3920 825 3985 thesauro
848 3918 986 3984 scientiae
1001 3932 1114 3985 vestrae
1129 3941 1213 3984 nunc
1230 3934 1298 3985 tan-

348 4024 419 4087 denr
443 4023 613 4109 probitatis
635 4023 829 4110 exemplum,
853 4024 939 4111 quod
963 4024 1052 4088 vobis
1078 4022 1296 4100 reservabatis,

346 4142 377 4191 et
402 4127 479 4190 mibi
503 4128 769 4191 communicatum
795 4142 852 4192 est.
900 4129 1016 4191 Potero
1038 4125 1167 4211 quidem
1190 4125 1239 4188 bis
1265 4138 1297 4189 et

345 4229 499 4293 similibus
521 4229 652 4292 animari
681 4227 719 4290 ad
746 4228 852 4306 sortia,
875 4242 906 4290 et
930 4226 1068 4289 Domino
1091 4223 1297 4309 provehente,

345 4330 385 4392 ad
412 4331 525 4394 altiora
555 4330 775 4405 conscendore,
806 4330 831 4391 si
862 4326 938 4389 mibi
969 4325 1200 4412 propitiationis
1229 4349 1297 4389 suae

345 4449 472 4492 manum
503 4435 694 4514 porrexerit,
724 4432 779 4515 qui
810 4430 937 4494 iliorum
965 4429 1132 4493 dumtaxat
1161 4449 1294 4513 operum

346 4531 438 4592 finem
463 4529 612 4607 illustrat,
629 4552 763 4615 quorum
788 4553 821 4594 se
844 4529 987 4594 meminit
1006 4551 1072 4591 esse
1094 4527 1295 4613 principium.

346 4634 391 4696 Et
424 4632 495 4695 lieet
524 4630 610 4695 illius
640 4631 750 4704 nostri,
779 4629 926 4717 quisquis
951 4630 1060 4704 fuerit,
1084 4628 1124 4692 sit
1149 4629 1295 4715 jucunda

345 4735 505 4807 memoria,
521 4748 551 4797 et
575 4733 730 4797 sententia
752 4732 925 4820 probabilis
942 4732 1097 4808 videatur,
1114 4746 1161 4796 est
1178 4746 1294 4808 tamen,

346 4852 382 4902 ut
406 4837 554 4912 arbitror,
578 4836 662 4900 unde
686 4836 813 4900 moerori
838 4859 895 4900 suo
918 4839 1035 4922 poterit
1050 4835 1122 4921 quis
1144 4834 1294 4899 exbibete

344 4939 502 5006 solatium.
550 4939 706 5023 Magnum
733 4937 880 5024 equidem
904 4952 951 5001 cst
976 4936 1138 5005 bonorum
1156 4934 1294 5001 fascibus

572 5092 594 5120 ἱ
