3300 6434
444 1216 503 1274 116
700 1229 836 1274 rotatus
852 1227 1132 1272 saussasnrausis
1303 1212 1347 1290 [s.
1365 1231 1396 1275 n,

439 1380 491 1444 die
514 1379 755 1445 consecrationis
773 1379 840 1465 jam
864 1378 959 1442 dictae
978 1378 1117 1442 ecclesiae
1140 1377 1302 1443 Radulfus
1327 1381 1392 1442 Ro

438 1480 558 1546 tundus
579 1480 750 1556 obtulerat,
771 1480 920 1566 episcopo
944 1479 1159 1543 Londoniensi
1179 1494 1334 1566 praesente
1356 1496 1390 1546 et

437 1583 646 1668 approbante,
662 1581 722 1645 sibi
744 1584 869 1646 restitui
889 1580 1076 1667 postulavit,
1091 1580 1198 1643 dicens
1220 1604 1253 1645 se
1272 1579 1389 1643 eisdem

436 1684 558 1770 absque
575 1682 700 1770 judicio
714 1682 893 1768 spoliatam,
910 1694 1063 1767 tantoque
1081 1683 1246 1768 jussuum
1264 1682 1390 1747 dicebat

436 1808 503 1848 esse
525 1784 691 1871 liquidius,
714 1798 835 1869 quanto
856 1781 1002 1869 pluribus
1025 1784 1055 1847 in
1083 1783 1198 1847 vicinia
1223 1786 1390 1849 constabat

437 1885 524 1973 quod
559 1886 616 1949 has
645 1883 869 1948 decimationes
897 1882 939 1946 ab
968 1896 1164 1947 antecessore
1194 1884 1328 1949 Martini
1357 1898 1389 1948 et

436 1986 569 2052 ecclesia
584 1986 624 2049 de
645 1985 807 2050 Waltbam
832 1985 985 2050 Canonici
1006 1999 1124 2048 sanctae
1139 1985 1306 2050 Trinitatis
1325 1987 1391 2049 evi-

435 2103 555 2154 cerant.
599 2091 705 2166 Quum
723 2110 797 2151 vero
815 2110 911 2151 causa
930 2088 998 2151 baec
1018 2087 1139 2151 diutius
1160 2085 1192 2150 in
1215 2086 1286 2151 foro
1301 2087 1388 2151 Lon·

433 2191 593 2257 doniensis
622 2189 760 2253 ecclesiae
789 2202 983 2273 pertrectata
1010 2203 1102 2268 esset,
1127 2189 1169 2253 ad
1194 2188 1386 2253 audientiam

435 2306 571 2356 vestram
592 2314 649 2376 per
669 2288 913 2376 appellationem
935 2289 1088 2354 translata
1103 2304 1170 2352 est:
1195 2289 1388 2374 tandemque

434 2391 611 2468 Martinus,
627 2389 683 2475 qui
698 2388 874 2453 delationes
889 2390 996 2475 plures
1011 2411 1050 2451 ex
1066 2387 1161 2452 variis
1182 2389 1286 2452 causis
1305 2389 1388 2452 obti-

434 2504 558 2565 nuerat,
574 2490 874 2576 postjuramentum
890 2489 930 2552 de
944 2488 1102 2554 calumnia
1122 2490 1195 2554 binc
1217 2488 1292 2553 inde
1308 2511 1389 2575 prae-

433 2591 558 2667 stitum,
586 2605 619 2656 et
650 2594 708 2654 hoc
734 2590 774 2654 de
804 2614 959 2655 consensu
988 2604 1021 2655 et
1050 2591 1204 2677 petitione
1233 2593 1386 2676 partium,

433 2691 502 2755 dies
532 2694 774 2779 peremptorius,
802 2691 875 2756 licet
903 2692 962 2755 boc
992 2692 1154 2756 Martinus
1178 2692 1384 2768 inficiaretur,

432 2792 585 2878 praefixus
606 2806 664 2867 est,
688 2816 755 2878 quo
776 2815 875 2877 quum
898 2815 988 2855 suam
1010 2792 1152 2855 canonici
1174 2790 1290 2855 vellent
1313 2792 1386 2856 fun-

432 2894 509 2959 dare
539 2895 757 2973 intentionem,
782 2896 850 2982 jam
881 2895 987 2960 dictus
1016 2899 1064 2960 M.
1091 2896 1245 2959 oratorias
1273 2918 1386 2981 excep-

433 2998 534 3063 tiones
549 2999 593 3062 eis
612 2999 774 3085 opposuit,
789 3000 897 3069 dicens
920 3000 980 3062 sibi
1000 2998 1123 3084 aliquid
1144 3021 1201 3084 per
1220 2999 1385 3063 canonicos

431 3100 552 3177 abesse,
568 3123 605 3164 eo
619 3101 706 3186 quod
722 3099 805 3164 datis
820 3098 1061 3185 fidejussoribus
1083 3098 1244 3183 obligatus
1258 3113 1325 3163 erat
1343 3098 1385 3163 ad

430 3201 661 3267 conservandas
682 3203 832 3287 praefatas
854 3200 1002 3272 decimas,
1025 3222 1127 3284 usque
1149 3200 1188 3264 ad
1212 3200 1278 3264 litis
1299 3200 1384 3263 deci·

431 3304 561 3381 sionem,
584 3318 616 3369 et
639 3304 716 3390 quia
729 3327 782 3366 eas
804 3301 979 3365 distrahere
997 3322 1059 3364 nou
1076 3300 1201 3379 licebat,
1221 3301 1281 3365 sibi
1302 3325 1384 3388 prae·

425 3406 585 3492 judicium
606 3406 725 3471 factum
748 3405 893 3469 asseruit.
938 3402 994 3466 Ad
1016 3404 1086 3466 hoec
1106 3400 1246 3466 canonici
1264 3427 1297 3468 se
1312 3403 1383 3467 nul·

431 3510 494 3571 lam
517 3506 741 3592 obligationem
765 3528 784 3569 a
805 3501 950 3568 Martino
973 3504 1150 3578 extorsisse,
1174 3503 1223 3567 vel
1243 3503 1383 3589 aliquem

431 3608 556 3671 nomine
585 3631 694 3672 eorum
721 3619 902 3672 constanter
930 3606 1120 3671 asserebant.
1166 3605 1224 3671 Ille
1253 3628 1383 3692 quoque

431 3708 489 3793 qui
510 3708 709 3793 fidejussores
728 3732 748 3771 a
769 3710 915 3774 Martino
936 3720 1127 3792 susceperat,
1149 3731 1182 3771 se
1200 3731 1303 3793 neque
1330 3731 1385 3771 no-

431 3806 525 3885 mine,
548 3830 650 3892 neque
673 3809 823 3873 mandato
846 3810 1066 3873 canonicorum
1093 3833 1147 3873 eos
1173 3809 1254 3873 sicut
1272 3811 1383 3894 jurare

431 3922 563 3994 paratus
576 3922 656 3982 erat,
671 3912 826 3992 accepisse
841 3910 981 3976 dicebat:
1005 3911 1060 3974 sed
1073 3912 1150 3997 quia
1160 3911 1384 3975 decimationes

430 4009 583 4096 litigiosas
604 4031 672 4074 esse
694 4008 834 4085 videbat,
858 4009 981 4095 sibique
1005 4011 1131 4075 nolebat
1155 4013 1187 4075 in
1210 4009 1269 4072 bac
1291 4025 1383 4095 parte

430 4110 620 4198 prospicere,
642 4132 681 4175 ne
703 4109 787 4173 forte
807 4110 850 4173 ab
869 4133 906 4173 eo
928 4112 1028 4196 repeti
1049 4122 1187 4195 possent,
1205 4109 1230 4171 si
1253 4132 1305 4172 eas
1323 4111 1383 4173 im-

430 4213 603 4299 prudenter
632 4212 752 4297 iujusto
781 4211 920 4277 exactori
953 4212 1106 4277 solvisset.
1165 4211 1256 4274 Idem
1286 4212 1382 4275 etium

430 4314 643 4402 fidejussionis
670 4313 895 4399 obligationem
924 4314 1066 4378 Martino
1091 4312 1220 4393 remisit,
1244 4327 1276 4377 et
1306 4314 1384 4377 fide-

426 4419 607 4506 jussoribus
632 4416 710 4480 suis:
752 4417 836 4480 unde
859 4441 958 4503 quum
979 4416 1221 4502 interloquendo
1244 4439 1383 4501 pronun-

430 4522 575 4595 tiaretur,
599 4518 679 4581 banc
705 4519 922 4603 exceptionem
946 4540 1148 4602 nequaquam
1173 4517 1314 4581 sufficere
1340 4518 1382 4581 ad

429 4645 532 4686 causae
548 4620 743 4699 dilationem,
757 4634 789 4684 et
807 4635 842 4684 ut
859 4621 1019 4684 Martinus
1033 4618 1064 4681 in
1081 4643 1175 4685 causa
1195 4620 1382 4706 procederet

429 4724 621 4806 exigeretur,
652 4721 693 4786 ad
724 4734 861 4787 vestrum
900 4722 1094 4786 audientiam
1130 4722 1304 4808 appellavit
1339 4723 1381 4786 ad

433 4827 536 4903 Quuar'
552 4825 640 4887 modo
650 4828 763 4904 geniti.
