<?xml version="1.0" encoding="UTF-8"?>
<!DOCTYPE html PUBLIC "-//W3C//DTD XHTML 1.0 Transitional//EN"
    "http://www.w3.org/TR/xhtml1/DTD/xhtml1-transitional.dtd">
<html xmlns="http://www.w3.org/1999/xhtml" xml:lang="en" lang="en">
 <head>
  <title>
</title>
<meta http-equiv="Content-Type" content="text/html;charset=utf-8" />
  <meta name='ocr-system' content='tesseract 3.04.00' />
  <meta name='ocr-capabilities' content='ocr_page ocr_carea ocr_par ocr_line ocrx_word'/>
</head>
<body>
  <div class='ocr_page' id='page_1' title='image "./joannissaresber14johngoog_0189.png"; bbox 0 0 3300 6434; ppageno 0'>
   <div class='ocr_carea' id='block_1_1' title="bbox 356 1232 1302 1312">
    <p class='ocr_par' dir='ltr' id='par_1_1' title="bbox 356 1232 1302 1312">
     <span class='ocr_line' id='line_1_1' title="bbox 356 1232 1302 1312; baseline 0.008 -20"><span class='ocrx_word' id='word_1_1' title='bbox 356 1232 547 1312; x_wconf 64' lang='lat' dir='ltr'>llbv-fll]</span> <span class='ocrx_word' id='word_1_2' title='bbox 738 1251 916 1296; x_wconf 73' lang='lat' dir='ltr'>nrrsrotn.</span> <span class='ocrx_word' id='word_1_3' title='bbox 1242 1241 1302 1300; x_wconf 81' lang='lat'>169</span> 
     </span>
    </p>
   </div>
   <div class='ocr_carea' id='block_1_2' title="bbox 413 1459 1232 1525">
    <p class='ocr_par' dir='ltr' id='par_1_2' title="bbox 413 1459 1232 1525">
     <span class='ocr_line' id='line_1_2' title="bbox 413 1459 1232 1525; baseline 0.004 -3"><span class='ocrx_word' id='word_1_4' title='bbox 413 1459 633 1525; x_wconf 87' lang='lat' dir='ltr'><strong>EPISTOLA</strong></span> <span class='ocrx_word' id='word_1_5' title='bbox 657 1459 850 1524; x_wconf 63' lang='lat' dir='ltr'>CXX—sn</span> <span class='ocrx_word' id='word_1_6' title='bbox 864 1477 1094 1522; x_wconf 77' lang='lat' dir='ltr'>snsxsnnnurr</span> <span class='ocrx_word' id='word_1_7' title='bbox 1111 1478 1232 1525; x_wconf 72' lang='lat' dir='ltr'>rursu.</span> 
     </span>
    </p>
   </div>
   <div class='ocr_carea' id='block_1_3' title="bbox 592 1609 1059 1692">
    <p class='ocr_par' dir='ltr' id='par_1_3' title="bbox 592 1609 1059 1692">
     <span class='ocr_line' id='line_1_3' title="bbox 592 1609 1059 1692; baseline 0.004 -20"><span class='ocrx_word' id='word_1_8' title='bbox 592 1610 732 1672; x_wconf 79' lang='lat' dir='ltr'>Domino</span> <span class='ocrx_word' id='word_1_9' title='bbox 747 1611 849 1692; x_wconf 75' lang='lat' dir='ltr'>Papo</span> <span class='ocrx_word' id='word_1_10' title='bbox 866 1609 1059 1674; x_wconf 65' lang='lat' dir='ltr'>Almanam.</span> 
     </span>
    </p>
   </div>
   <div class='ocr_carea' id='block_1_4' title="bbox 345 1742 1302 3019">
    <p class='ocr_par' dir='ltr' id='par_1_4' title="bbox 345 1742 1302 3019">
     <span class='ocr_line' id='line_1_4' title="bbox 393 1742 1301 1808; baseline 0.002 -2"><span class='ocrx_word' id='word_1_11' title='bbox 393 1744 622 1808; x_wconf 80' lang='lat' dir='ltr'>Vnnsnsnrtrs</span> <span class='ocrx_word' id='word_1_12' title='bbox 643 1743 742 1808; x_wconf 79' lang='lat' dir='ltr'>frater</span> <span class='ocrx_word' id='word_1_13' title='bbox 762 1754 869 1807; x_wconf 83' lang='lat' dir='ltr'>noster</span> <span class='ocrx_word' id='word_1_14' title='bbox 892 1745 1056 1808; x_wconf 85' lang='lat' dir='ltr'>Robertus</span> <span class='ocrx_word' id='word_1_15' title='bbox 1080 1742 1301 1808; x_wconf 83' lang='lat' dir='ltr'>Batboniensis</span> 
     </span>
     <span class='ocr_line' id='line_1_5' title="bbox 348 1843 1302 1928; baseline 0.002 -21"><span class='ocrx_word' id='word_1_16' title='bbox 348 1843 517 1928; x_wconf 91' lang='lat' dir='ltr'>episcopus</span> <span class='ocrx_word' id='word_1_17' title='bbox 539 1843 654 1910; x_wconf 88' lang='lat' dir='ltr'>dilecto</span> <span class='ocrx_word' id='word_1_18' title='bbox 676 1844 741 1908; x_wconf 83' lang='lat' dir='ltr'>filio</span> <span class='ocrx_word' id='word_1_19' title='bbox 762 1857 885 1920; x_wconf 88' lang='lat' dir='ltr'>nostro,</span> <span class='ocrx_word' id='word_1_20' title='bbox 902 1843 988 1908; x_wconf 89' lang='lat' dir='ltr'>fideli</span> <span class='ocrx_word' id='word_1_21' title='bbox 1010 1856 1114 1908; x_wconf 84' lang='lat' dir='ltr'>vestro</span> <span class='ocrx_word' id='word_1_22' title='bbox 1137 1843 1302 1909; x_wconf 90' lang='lat' dir='ltr'>Willelmo</span> 
     </span>
     <span class='ocr_line' id='line_1_6' title="bbox 348 1944 1300 2031; baseline -0.001 -21"><span class='ocrx_word' id='word_1_23' title='bbox 348 1944 465 2010; x_wconf 87' lang='lat' dir='ltr'>Cumin</span> <span class='ocrx_word' id='word_1_24' title='bbox 480 1946 642 2010; x_wconf 85' lang='lat' dir='ltr'>ecclesiam</span> <span class='ocrx_word' id='word_1_25' title='bbox 657 1946 698 2010; x_wconf 90' lang='lat' dir='ltr'>de</span> <span class='ocrx_word' id='word_1_26' title='bbox 715 1947 820 2011; x_wconf 88' lang='lat' dir='ltr'>Cerda</span> <span class='ocrx_word' id='word_1_27' title='bbox 835 1946 986 2022; x_wconf 87' lang='lat' dir='ltr'>restituit,</span> <span class='ocrx_word' id='word_1_28' title='bbox 1003 1948 1102 2031; x_wconf 85' lang='lat' dir='ltr'>juxta</span> <span class='ocrx_word' id='word_1_29' title='bbox 1115 1945 1300 2011; x_wconf 82' lang='lat' dir='ltr'>mandatum</span> 
     </span>
     <span class='ocr_line' id='line_1_7' title="bbox 347 2045 1301 2133; baseline 0.003 -25"><span class='ocrx_word' id='word_1_30' title='bbox 347 2045 568 2110; x_wconf 74' lang='lat' dir='ltr'>misericordiae</span> <span class='ocrx_word' id='word_1_31' title='bbox 595 2060 718 2123; x_wconf 82' lang='lat' dir='ltr'>vestrae,</span> <span class='ocrx_word' id='word_1_32' title='bbox 742 2070 809 2133; x_wconf 91' lang='lat' dir='ltr'>quo</span> <span class='ocrx_word' id='word_1_33' title='bbox 835 2046 1058 2133; x_wconf 75' lang='lat' dir='ltr'>praeceperatis</span> <span class='ocrx_word' id='word_1_34' title='bbox 1083 2046 1215 2110; x_wconf 88' lang='lat' dir='ltr'>eandem</span> <span class='ocrx_word' id='word_1_35' title='bbox 1241 2045 1301 2111; x_wconf 84' lang='lat' dir='ltr'>sibi</span> 
     </span>
     <span class='ocr_line' id='line_1_8' title="bbox 347 2144 1301 2232; baseline 0.002 -23"><span class='ocrx_word' id='word_1_36' title='bbox 347 2146 558 2232; x_wconf 82' lang='lat' dir='ltr'>appellatione</span> <span class='ocrx_word' id='word_1_37' title='bbox 588 2161 709 2212; x_wconf 86' lang='lat' dir='ltr'>remota</span> <span class='ocrx_word' id='word_1_38' title='bbox 737 2147 876 2223; x_wconf 89' lang='lat' dir='ltr'>restitui,</span> <span class='ocrx_word' id='word_1_39' title='bbox 902 2147 927 2211; x_wconf 91' lang='lat' dir='ltr'>si</span> <span class='ocrx_word' id='word_1_40' title='bbox 958 2146 1062 2232; x_wconf 89' lang='lat' dir='ltr'>ipsum</span> <span class='ocrx_word' id='word_1_41' title='bbox 1093 2144 1301 2211; x_wconf 88' lang='lat' dir='ltr'>Dunelmensi</span> 
     </span>
     <span class='ocr_line' id='line_1_9' title="bbox 347 2246 1301 2334; baseline 0.003 -26"><span class='ocrx_word' id='word_1_42' title='bbox 347 2246 487 2312; x_wconf 77' lang='lat' dir='ltr'>ecclesiae</span> <span class='ocrx_word' id='word_1_43' title='bbox 509 2248 601 2334; x_wconf 82' lang='lat' dir='ltr'>plene</span> <span class='ocrx_word' id='word_1_44' title='bbox 622 2247 807 2312; x_wconf 80' lang='lat' dir='ltr'>satisfecisse</span> <span class='ocrx_word' id='word_1_45' title='bbox 830 2260 999 2311; x_wconf 78' lang='lat' dir='ltr'>constaret.</span> <span class='ocrx_word' id='word_1_46' title='bbox 1044 2246 1171 2311; x_wconf 86' lang='lat' dir='ltr'><strong>Dicitur</strong></span> <span class='ocrx_word' id='word_1_47' title='bbox 1192 2259 1301 2311; x_wconf 86' lang='lat' dir='ltr'>autem</span> 
     </span>
     <span class='ocr_line' id='line_1_10' title="bbox 347 2345 1302 2434; baseline 0 -23"><span class='ocrx_word' id='word_1_48' title='bbox 347 2347 480 2412; x_wconf 91' lang='lat' dir='ltr'>clericus</span> <span class='ocrx_word' id='word_1_49' title='bbox 495 2348 624 2434; x_wconf 86' lang='lat' dir='ltr'>quidam</span> <span class='ocrx_word' id='word_1_50' title='bbox 641 2348 767 2411; x_wconf 90' lang='lat' dir='ltr'>nomine</span> <span class='ocrx_word' id='word_1_51' title='bbox 782 2352 821 2413; x_wconf 76' lang='lat' dir='ltr'>A.</span> <span class='ocrx_word' id='word_1_52' title='bbox 838 2360 874 2412; x_wconf 95' lang='lat' dir='ltr'>ut</span> <span class='ocrx_word' id='word_1_53' title='bbox 889 2347 949 2410; x_wconf 91' lang='lat' dir='ltr'>hoc</span> <span class='ocrx_word' id='word_1_54' title='bbox 963 2345 1150 2410; x_wconf 86' lang='lat' dir='ltr'>beneficium</span> <span class='ocrx_word' id='word_1_55' title='bbox 1166 2346 1302 2411; x_wconf 87' lang='lat' dir='ltr'>clemen·</span> 
     </span>
     <span class='ocr_line' id='line_1_11' title="bbox 348 2446 1300 2534; baseline 0 -21"><span class='ocrx_word' id='word_1_56' title='bbox 348 2447 402 2513; x_wconf 82' lang='lat' dir='ltr'>tire</span> <span class='ocrx_word' id='word_1_57' title='bbox 418 2462 530 2515; x_wconf 83' lang='lat' dir='ltr'>vestrae</span> <span class='ocrx_word' id='word_1_58' title='bbox 553 2450 692 2514; x_wconf 80' lang='lat' dir='ltr'>infirmet</span> <span class='ocrx_word' id='word_1_59' title='bbox 714 2450 755 2515; x_wconf 85' lang='lat' dir='ltr'>ad</span> <span class='ocrx_word' id='word_1_60' title='bbox 778 2449 886 2513; x_wconf 83' lang='lat' dir='ltr'>sedem</span> <span class='ocrx_word' id='word_1_61' title='bbox 907 2446 1112 2534; x_wconf 85' lang='lat' dir='ltr'>apostolicam</span> <span class='ocrx_word' id='word_1_62' title='bbox 1133 2446 1300 2533; x_wconf 78' lang='lat' dir='ltr'>proticisci.</span> 
     </span>
     <span class='ocr_line' id='line_1_12' title="bbox 348 2548 1300 2637; baseline 0.002 -26"><span class='ocrx_word' id='word_1_63' title='bbox 348 2549 418 2614; x_wconf 91' lang='lat' dir='ltr'>Nos</span> <span class='ocrx_word' id='word_1_64' title='bbox 438 2549 547 2637; x_wconf 89' lang='lat' dir='ltr'>itaque</span> <span class='ocrx_word' id='word_1_65' title='bbox 563 2573 642 2637; x_wconf 82' lang='lat' dir='ltr'>quas</span> <span class='ocrx_word' id='word_1_66' title='bbox 664 2571 833 2637; x_wconf 86' lang='lat' dir='ltr'>possumus</span> <span class='ocrx_word' id='word_1_67' title='bbox 854 2549 1011 2633; x_wconf 77' lang='lat' dir='ltr'>majestati</span> <span class='ocrx_word' id='word_1_68' title='bbox 1034 2557 1149 2611; x_wconf 81' lang='lat' dir='ltr'>vestroe</span> <span class='ocrx_word' id='word_1_69' title='bbox 1168 2569 1228 2633; x_wconf 88' lang='lat' dir='ltr'>pro</span> <span class='ocrx_word' id='word_1_70' title='bbox 1243 2548 1300 2614; x_wconf 92' lang='lat' dir='ltr'>W.</span> 
     </span>
     <span class='ocr_line' id='line_1_13' title="bbox 347 2646 1301 2736; baseline 0 -24"><span class='ocrx_word' id='word_1_71' title='bbox 347 2670 455 2733; x_wconf 90' lang='lat' dir='ltr'>preces</span> <span class='ocrx_word' id='word_1_72' title='bbox 469 2650 663 2736; x_wconf 82' lang='lat' dir='ltr'>porrigimus</span> <span class='ocrx_word' id='word_1_73' title='bbox 678 2648 906 2736; x_wconf 81' lang='lat' dir='ltr'>supplicantes,</span> <span class='ocrx_word' id='word_1_74' title='bbox 922 2659 958 2712; x_wconf 92' lang='lat' dir='ltr'>ut</span> <span class='ocrx_word' id='word_1_75' title='bbox 977 2647 1066 2734; x_wconf 91' lang='lat' dir='ltr'>quod</span> <span class='ocrx_word' id='word_1_76' title='bbox 1081 2646 1109 2710; x_wconf 94' lang='lat' dir='ltr'>ei</span> <span class='ocrx_word' id='word_1_77' title='bbox 1125 2647 1301 2712; x_wconf 89' lang='lat' dir='ltr'>misericor·</span> 
     </span>
     <span class='ocr_line' id='line_1_14' title="bbox 347 2745 1301 2837; baseline 0.002 -25"><span class='ocrx_word' id='word_1_78' title='bbox 347 2747 432 2813; x_wconf 93' lang='lat' dir='ltr'>diter</span> <span class='ocrx_word' id='word_1_79' title='bbox 446 2751 588 2815; x_wconf 83' lang='lat' dir='ltr'>conferre</span> <span class='ocrx_word' id='word_1_80' title='bbox 600 2751 731 2837; x_wconf 77' lang='lat' dir='ltr'>dignata</span> <span class='ocrx_word' id='word_1_81' title='bbox 742 2763 792 2815; x_wconf 87' lang='lat' dir='ltr'>est</span> <span class='ocrx_word' id='word_1_82' title='bbox 804 2749 930 2814; x_wconf 82' lang='lat' dir='ltr'>bonitas</span> <span class='ocrx_word' id='word_1_83' title='bbox 945 2762 1061 2826; x_wconf 86' lang='lat' dir='ltr'>vestra,</span> <span class='ocrx_word' id='word_1_84' title='bbox 1076 2745 1213 2813; x_wconf 87' lang='lat' dir='ltr'>fideliter</span> <span class='ocrx_word' id='word_1_85' title='bbox 1226 2771 1301 2814; x_wconf 88' lang='lat' dir='ltr'>con·</span> 
     </span>
     <span class='ocr_line' id='line_1_15' title="bbox 346 2849 1301 2938; baseline 0.004 -25"><span class='ocrx_word' id='word_1_86' title='bbox 346 2872 469 2915; x_wconf 85' lang='lat' dir='ltr'>servare</span> <span class='ocrx_word' id='word_1_87' title='bbox 490 2852 652 2938; x_wconf 88' lang='lat' dir='ltr'>dignetur,</span> <span class='ocrx_word' id='word_1_88' title='bbox 674 2865 705 2917; x_wconf 89' lang='lat' dir='ltr'>et</span> <span class='ocrx_word' id='word_1_89' title='bbox 732 2862 770 2916; x_wconf 87' lang='lat' dir='ltr'>ut</span> <span class='ocrx_word' id='word_1_90' title='bbox 791 2852 898 2937; x_wconf 91' lang='lat' dir='ltr'>ipsum</span> <span class='ocrx_word' id='word_1_91' title='bbox 920 2850 952 2915; x_wconf 90' lang='lat' dir='ltr'>in</span> <span class='ocrx_word' id='word_1_92' title='bbox 975 2849 1184 2937; x_wconf 88' lang='lat' dir='ltr'>petitionibus</span> <span class='ocrx_word' id='word_1_93' title='bbox 1204 2850 1301 2937; x_wconf 82' lang='lat' dir='ltr'>justis</span> 
     </span>
     <span class='ocr_line' id='line_1_16' title="bbox 345 2954 678 3019; baseline 0.012 -5"><span class='ocrx_word' id='word_1_94' title='bbox 345 2956 516 3017; x_wconf 89' lang='lat' dir='ltr'>clementer</span> <span class='ocrx_word' id='word_1_95' title='bbox 531 2954 678 3019; x_wconf 85' lang='lat' dir='ltr'>audiatis.</span> 
     </span>
    </p>
   </div>
   <div class='ocr_carea' id='block_1_5' title="bbox 389 3207 1255 3440">
    <p class='ocr_par' dir='ltr' id='par_1_5' title="bbox 389 3207 1255 3440">
     <span class='ocr_line' id='line_1_17' title="bbox 389 3207 1255 3276; baseline -0.001 -2"><span class='ocrx_word' id='word_1_96' title='bbox 389 3209 625 3276; x_wconf 86' lang='lat' dir='ltr'>EPISTOLA</span> <span class='ocrx_word' id='word_1_97' title='bbox 649 3207 876 3273; x_wconf 76' lang='lat' dir='ltr'>CXX1.-sn</span> <span class='ocrx_word' id='word_1_98' title='bbox 890 3226 1120 3272; x_wconf 77' lang='lat' dir='ltr'>stnxsunnusr</span> <span class='ocrx_word' id='word_1_99' title='bbox 1136 3228 1255 3273; x_wconf 66' lang='lat' dir='ltr'>rursu.</span> 
     </span>
     <span class='ocr_line' id='line_1_18' title="bbox 592 3358 1054 3440; baseline -0.009 -17"><span class='ocrx_word' id='word_1_100' title='bbox 592 3361 730 3423; x_wconf 83' lang='lat' dir='ltr'>Domino</span> <span class='ocrx_word' id='word_1_101' title='bbox 744 3360 845 3440; x_wconf 82' lang='lat' dir='ltr'>Papae</span> <span class='ocrx_word' id='word_1_102' title='bbox 860 3358 1054 3421; x_wconf 77' lang='lat' dir='ltr'>Aleuandro.</span> 
     </span>
    </p>
   </div>
   <div class='ocr_carea' id='block_1_6' title="bbox 343 3502 1300 4911">
    <p class='ocr_par' dir='ltr' id='par_1_6' title="bbox 343 3502 1300 4911">
     <span class='ocr_line' id='line_1_19' title="bbox 393 3502 1299 3593; baseline -0.007 -19"><span class='ocrx_word' id='word_1_103' title='bbox 393 3512 434 3575; x_wconf 80' lang='lat' dir='ltr'>ln</span> <span class='ocrx_word' id='word_1_104' title='bbox 449 3508 596 3573; x_wconf 87' lang='lat' dir='ltr'>omnibus</span> <span class='ocrx_word' id='word_1_105' title='bbox 609 3530 685 3593; x_wconf 83' lang='lat' dir='ltr'>quse</span> <span class='ocrx_word' id='word_1_106' title='bbox 699 3506 797 3592; x_wconf 87' lang='lat' dir='ltr'>gessit</span> <span class='ocrx_word' id='word_1_107' title='bbox 813 3504 938 3569; x_wconf 85' lang='lat' dir='ltr'>bonitas</span> <span class='ocrx_word' id='word_1_108' title='bbox 950 3515 1066 3578; x_wconf 87' lang='lat' dir='ltr'>vestra,</span> <span class='ocrx_word' id='word_1_109' title='bbox 1076 3502 1154 3566; x_wconf 88' lang='lat' dir='ltr'>nibil</span> <span class='ocrx_word' id='word_1_110' title='bbox 1170 3502 1299 3568; x_wconf 90' lang='lat' dir='ltr'>domino</span> 
     </span>
     <span class='ocr_line' id='line_1_20' title="bbox 347 3604 1300 3696; baseline -0.005 -20"><span class='ocrx_word' id='word_1_111' title='bbox 347 3611 413 3695; x_wconf 87' lang='lat' dir='ltr'>regi</span> <span class='ocrx_word' id='word_1_112' title='bbox 436 3611 612 3696; x_wconf 90' lang='lat' dir='ltr'>Anglorum</span> <span class='ocrx_word' id='word_1_113' title='bbox 634 3611 758 3694; x_wconf 85' lang='lat' dir='ltr'>gratius</span> <span class='ocrx_word' id='word_1_114' title='bbox 778 3620 825 3672; x_wconf 90' lang='lat' dir='ltr'>est</span> <span class='ocrx_word' id='word_1_115' title='bbox 847 3605 1000 3671; x_wconf 87' lang='lat' dir='ltr'>beneficio</span> <span class='ocrx_word' id='word_1_116' title='bbox 1021 3604 1109 3691; x_wconf 93' lang='lat' dir='ltr'>quod</span> <span class='ocrx_word' id='word_1_117' title='bbox 1134 3604 1300 3671; x_wconf 89' lang='lat' dir='ltr'>Willelmo</span> 
     </span>
     <span class='ocr_line' id='line_1_21' title="bbox 347 3706 1300 3794; baseline -0.004 -16"><span class='ocrx_word' id='word_1_118' title='bbox 347 3714 466 3779; x_wconf 89' lang='lat' dir='ltr'>Cumin</span> <span class='ocrx_word' id='word_1_119' title='bbox 484 3712 571 3776; x_wconf 88' lang='lat' dir='ltr'>fideli</span> <span class='ocrx_word' id='word_1_120' title='bbox 590 3724 697 3775; x_wconf 83' lang='lat' dir='ltr'>vestro</span> <span class='ocrx_word' id='word_1_121' title='bbox 718 3709 963 3774; x_wconf 85' lang='lat' dir='ltr'>misericorditer</span> <span class='ocrx_word' id='word_1_122' title='bbox 983 3706 1195 3794; x_wconf 85' lang='lat' dir='ltr'>impendistis.</span> <span class='ocrx_word' id='word_1_123' title='bbox 1227 3711 1300 3775; x_wconf 90' lang='lat' dir='ltr'>Hoc</span> 
     </span>
     <span class='ocr_line' id='line_1_22' title="bbox 346 3810 1300 3897; baseline -0.001 -18"><span class='ocrx_word' id='word_1_124' title='bbox 346 3827 452 3879; x_wconf 81' lang='lat' dir='ltr'>srrtem</span> <span class='ocrx_word' id='word_1_125' title='bbox 476 3814 590 3877; x_wconf 87' lang='lat' dir='ltr'>nititur</span> <span class='ocrx_word' id='word_1_126' title='bbox 608 3834 760 3877; x_wconf 77' lang='lat' dir='ltr'>evacuare</span> <span class='ocrx_word' id='word_1_127' title='bbox 783 3813 881 3876; x_wconf 86' lang='lat' dir='ltr'>frater</span> <span class='ocrx_word' id='word_1_128' title='bbox 902 3810 1033 3897; x_wconf 87' lang='lat' dir='ltr'>quidam</span> <span class='ocrx_word' id='word_1_129' title='bbox 1055 3811 1181 3875; x_wconf 91' lang='lat' dir='ltr'>nomine</span> <span class='ocrx_word' id='word_1_130' title='bbox 1203 3815 1243 3877; x_wconf 86' lang='grc' dir='ltr'>Α.</span> <span class='ocrx_word' id='word_1_131' title='bbox 1257 3812 1300 3878; x_wconf 88' lang='lat' dir='ltr'>de</span> 
     </span>
     <span class='ocr_line' id='line_1_23' title="bbox 346 3910 1299 3996; baseline -0.002 -14"><span class='ocrx_word' id='word_1_132' title='bbox 346 3914 464 3995; x_wconf 88' lang='lat' dir='ltr'>Cerda,</span> <span class='ocrx_word' id='word_1_133' title='bbox 478 3915 601 3979; x_wconf 84' lang='lat' dir='ltr'>utinam</span> <span class='ocrx_word' id='word_1_134' title='bbox 620 3913 758 3978; x_wconf 89' lang='lat' dir='ltr'>melioris</span> <span class='ocrx_word' id='word_1_135' title='bbox 780 3912 856 3977; x_wconf 82' lang='lat' dir='ltr'>vitae</span> <span class='ocrx_word' id='word_1_136' title='bbox 871 3923 903 3975; x_wconf 88' lang='lat' dir='ltr'>et</span> <span class='ocrx_word' id='word_1_137' title='bbox 923 3910 1102 3996; x_wconf 85' lang='lat' dir='ltr'>integrioris</span> <span class='ocrx_word' id='word_1_138' title='bbox 1119 3911 1234 3977; x_wconf 75' lang='lat' dir='ltr'>samm!</span> <span class='ocrx_word' id='word_1_139' title='bbox 1266 3928 1299 3980; x_wconf 90' lang='lat' dir='ltr'>et</span> 
     </span>
     <span class='ocr_line' id='line_1_24' title="bbox 345 4012 1299 4103; baseline -0.001 -23"><span class='ocrx_word' id='word_1_140' title='bbox 345 4017 541 4103; x_wconf 87' lang='lat' dir='ltr'>majestatem</span> <span class='ocrx_word' id='word_1_141' title='bbox 568 4027 705 4079; x_wconf 86' lang='lat' dir='ltr'>vestram</span> <span class='ocrx_word' id='word_1_142' title='bbox 735 4013 858 4079; x_wconf 89' lang='lat' dir='ltr'>levitati</span> <span class='ocrx_word' id='word_1_143' title='bbox 888 4026 920 4078; x_wconf 88' lang='lat' dir='ltr'>et</span> <span class='ocrx_word' id='word_1_144' title='bbox 949 4012 1182 4090; x_wconf 71' lang='lat' dir='ltr'>inconstantia,</span> <span class='ocrx_word' id='word_1_145' title='bbox 1209 4014 1299 4099; x_wconf 92' lang='lat' dir='ltr'>quod</span> 
     </span>
     <span class='ocr_line' id='line_1_25' title="bbox 345 4112 1297 4198; baseline -0.003 -17"><span class='ocrx_word' id='word_1_146' title='bbox 345 4117 440 4193; x_wconf 84' lang='lat' dir='ltr'>absit,</span> <span class='ocrx_word' id='word_1_147' title='bbox 471 4117 616 4182; x_wconf 87' lang='lat' dir='ltr'>submitti</span> <span class='ocrx_word' id='word_1_148' title='bbox 651 4115 820 4182; x_wconf 84' lang='lat' dir='ltr'>desiderat.</span> <span class='ocrx_word' id='word_1_149' title='bbox 869 4112 1014 4191; x_wconf 84' lang='lat' dir='ltr'>Rectius,</span> <span class='ocrx_word' id='word_1_150' title='bbox 1049 4125 1151 4198; x_wconf 85' lang='lat' dir='ltr'>pater,</span> <span class='ocrx_word' id='word_1_151' title='bbox 1180 4113 1297 4192; x_wconf 84' lang='lat' dir='ltr'>fuerat,</span> 
     </span>
     <span class='ocr_line' id='line_1_26' title="bbox 344 4216 1299 4302; baseline 0 -18"><span class='ocrx_word' id='word_1_152' title='bbox 344 4224 473 4286; x_wconf 89' lang='lat' dir='ltr'>omnino</span> <span class='ocrx_word' id='word_1_153' title='bbox 483 4243 545 4285; x_wconf 94' lang='lat' dir='ltr'>non</span> <span class='ocrx_word' id='word_1_154' title='bbox 561 4220 673 4285; x_wconf 86' lang='lat' dir='ltr'>audire</span> <span class='ocrx_word' id='word_1_155' title='bbox 688 4219 887 4295; x_wconf 82' lang='lat' dir='ltr'>clamantem,</span> <span class='ocrx_word' id='word_1_156' title='bbox 900 4238 997 4302; x_wconf 81' lang='lat' dir='ltr'>quam</span> <span class='ocrx_word' id='word_1_157' title='bbox 1012 4216 1112 4300; x_wconf 77' lang='lat' dir='ltr'>gratis</span> <span class='ocrx_word' id='word_1_158' title='bbox 1126 4216 1299 4284; x_wconf 85' lang='lat' dir='ltr'>destituere</span> 
     </span>
     <span class='ocr_line' id='line_1_27' title="bbox 344 4313 1300 4402; baseline -0.01 -19"><span class='ocrx_word' id='word_1_159' title='bbox 344 4317 540 4395; x_wconf 86' lang='lat' dir='ltr'>restitutum,</span> <span class='ocrx_word' id='word_1_160' title='bbox 563 4332 596 4384; x_wconf 92' lang='lat' dir='ltr'>et</span> <span class='ocrx_word' id='word_1_161' title='bbox 618 4321 738 4402; x_wconf 87' lang='lat' dir='ltr'>absque</span> <span class='ocrx_word' id='word_1_162' title='bbox 759 4317 856 4401; x_wconf 82' lang='lat' dir='ltr'>culpa</span> <span class='ocrx_word' id='word_1_163' title='bbox 881 4315 1016 4401; x_wconf 89' lang='lat' dir='ltr'>dejicere</span> <span class='ocrx_word' id='word_1_164' title='bbox 1038 4313 1179 4398; x_wconf 80' lang='lat' dir='ltr'>legitime</span> <span class='ocrx_word' id='word_1_165' title='bbox 1200 4318 1300 4401; x_wconf 86' lang='lat' dir='ltr'>possi.</span> 
     </span>
     <span class='ocr_line' id='line_1_28' title="bbox 344 4415 1297 4502; baseline 0 -19"><span class='ocrx_word' id='word_1_166' title='bbox 344 4417 482 4483; x_wconf 88' lang='lat' dir='ltr'>dentem.</span> <span class='ocrx_word' id='word_1_167' title='bbox 527 4418 654 4484; x_wconf 81' lang='lat' dir='ltr'>Placeat</span> <span class='ocrx_word' id='word_1_168' title='bbox 677 4439 754 4502; x_wconf 89' lang='lat' dir='ltr'>ergo</span> <span class='ocrx_word' id='word_1_169' title='bbox 775 4415 953 4501; x_wconf 81' lang='lat' dir='ltr'>dignationi</span> <span class='ocrx_word' id='word_1_170' title='bbox 975 4429 1088 4481; x_wconf 83' lang='lat' dir='ltr'>vestrae</span> <span class='ocrx_word' id='word_1_171' title='bbox 1109 4418 1198 4501; x_wconf 89' lang='lat' dir='ltr'>juste</span> <span class='ocrx_word' id='word_1_172' title='bbox 1223 4440 1297 4483; x_wconf 91' lang='lat' dir='ltr'>con·</span> 
     </span>
     <span class='ocr_line' id='line_1_29' title="bbox 344 4517 1295 4607; baseline 0 -22"><span class='ocrx_word' id='word_1_173' title='bbox 344 4541 467 4585; x_wconf 87' lang='lat' dir='ltr'>servare</span> <span class='ocrx_word' id='word_1_174' title='bbox 488 4519 576 4607; x_wconf 91' lang='lat' dir='ltr'>quod</span> <span class='ocrx_word' id='word_1_175' title='bbox 600 4517 845 4585; x_wconf 86' lang='lat' dir='ltr'>misericorditer</span> <span class='ocrx_word' id='word_1_176' title='bbox 866 4518 1056 4592; x_wconf 83' lang='lat' dir='ltr'>contulistis,</span> <span class='ocrx_word' id='word_1_177' title='bbox 1080 4529 1112 4581; x_wconf 88' lang='lat' dir='ltr'>et</span> <span class='ocrx_word' id='word_1_178' title='bbox 1135 4517 1239 4604; x_wconf 89' lang='lat' dir='ltr'>ipsum</span> <span class='ocrx_word' id='word_1_179' title='bbox 1262 4522 1295 4588; x_wconf 91' lang='lat' dir='ltr'>in</span> 
     </span>
     <span class='ocr_line' id='line_1_30' title="bbox 345 4618 1300 4709; baseline 0 -22"><span class='ocrx_word' id='word_1_180' title='bbox 345 4622 554 4709; x_wconf 87' lang='lat' dir='ltr'>petitionibus</span> <span class='ocrx_word' id='word_1_181' title='bbox 563 4620 661 4708; x_wconf 87' lang='lat' dir='ltr'>justis</span> <span class='ocrx_word' id='word_1_182' title='bbox 675 4620 850 4688; x_wconf 88' lang='lat' dir='ltr'>clementer</span> <span class='ocrx_word' id='word_1_183' title='bbox 864 4618 983 4684; x_wconf 76' lang='lat' dir='ltr'>cudite.</span> <span class='ocrx_word' id='word_1_184' title='bbox 1021 4622 1072 4684; x_wconf 88' lang='lat' dir='ltr'>De</span> <span class='ocrx_word' id='word_1_185' title='bbox 1087 4632 1202 4684; x_wconf 81' lang='lat' dir='ltr'>coetero</span> <span class='ocrx_word' id='word_1_186' title='bbox 1216 4624 1300 4708; x_wconf 84' lang='lat' dir='ltr'>epis·</span> 
     </span>
     <span class='ocr_line' id='line_1_31' title="bbox 344 4719 1297 4810; baseline -0.006 -22"><span class='ocrx_word' id='word_1_187' title='bbox 344 4746 442 4810; x_wconf 87' lang='lat' dir='ltr'>copus</span> <span class='ocrx_word' id='word_1_188' title='bbox 457 4723 660 4791; x_wconf 86' lang='lat' dir='ltr'>Lexoviensis</span> <span class='ocrx_word' id='word_1_189' title='bbox 675 4721 807 4787; x_wconf 79' lang='lat' dir='ltr'>malleus</span> <span class='ocrx_word' id='word_1_190' title='bbox 824 4719 1004 4807; x_wconf 87' lang='lat' dir='ltr'>iniquitatis</span> <span class='ocrx_word' id='word_1_191' title='bbox 1017 4732 1065 4786; x_wconf 91' lang='lat' dir='ltr'>est</span> <span class='ocrx_word' id='word_1_192' title='bbox 1079 4720 1119 4785; x_wconf 83' lang='lat' dir='ltr'>ud</span> <span class='ocrx_word' id='word_1_193' title='bbox 1135 4735 1297 4789; x_wconf 87' lang='lat' dir='ltr'>conteren.</span> 
     </span>
     <span class='ocr_line' id='line_1_32' title="bbox 343 4822 1297 4911; baseline 0.002 -22"><span class='ocrx_word' id='word_1_194' title='bbox 343 4822 596 4891; x_wconf 63' lang='lat' dir='ltr'>dam&#39;ecclesiam</span> <span class='ocrx_word' id='word_1_195' title='bbox 613 4825 691 4897; x_wconf 87' lang='lat' dir='ltr'>Dei;</span> <span class='ocrx_word' id='word_1_196' title='bbox 717 4823 767 4888; x_wconf 91' lang='lat' dir='ltr'>hic</span> <span class='ocrx_word' id='word_1_197' title='bbox 778 4823 811 4888; x_wconf 92' lang='lat' dir='ltr'>in</span> <span class='ocrx_word' id='word_1_198' title='bbox 825 4845 875 4887; x_wconf 89' lang='lat' dir='ltr'>me</span> <span class='ocrx_word' id='word_1_199' title='bbox 887 4844 1060 4908; x_wconf 83' lang='lat' dir='ltr'>pauperem</span> <span class='ocrx_word' id='word_1_200' title='bbox 1077 4836 1196 4889; x_wconf 81' lang='lat' dir='ltr'>tantam</span> <span class='ocrx_word' id='word_1_201' title='bbox 1214 4826 1297 4911; x_wconf 85' lang='lat' dir='ltr'>regis</span> 
     </span>
    </p>
   </div>
   <div class='ocr_carea' id='block_1_7' title="bbox 0 0 1654 6434">
    <p class='ocr_par' dir='ltr' id='par_1_7' title="bbox 0 0 1654 6434">
     <span class='ocr_line' id='line_1_33' title="bbox 0 0 1654 6434; baseline 0 1"><span class='ocrx_word' id='word_1_202' title='bbox 0 0 1654 6434; x_wconf 95' lang='lat' dir='ltr'> </span> 
     </span>
    </p>
   </div>
  </div>
 </body>
</html>
