3300 6434
341 1228 403 1287 256
596 1238 732 1285 Josuurs
748 1236 1026 1282 sanassnmansm
1197 1220 1242 1301 [s.
1259 1240 1291 1285 n.

339 1401 373 1456 et
388 1391 476 1456 aliud
495 1413 627 1473 regnum
643 1390 742 1454 voluit
761 1390 926 1453 illustrare.
972 1389 1089 1452 Verum
1112 1390 1188 1471 qnia
1202 1412 1288 1454 nunc

340 1491 519 1575 apartibus
533 1490 650 1554 nostris
671 1488 829 1563 receditis,
844 1508 959 1572 precor
981 1488 1143 1567 attentius,
1158 1500 1193 1554 ut
1216 1501 1289 1553 ente

342 1591 518 1656 discessum
545 1603 681 1656 vestrum
711 1591 792 1653 mihi
820 1610 958 1672 semper,
987 1599 1020 1653 et
1042 1592 1161 1675 ubique
1186 1603 1287 1654 vestro

340 1713 452 1776 pacem
483 1693 651 1757 reformare
681 1691 846 1769 studeatis,
876 1702 909 1755 et
939 1691 1025 1755 fratri
1054 1713 1135 1756 meo.
1190 1694 1289 1756 Novit

341 1796 426 1859 enim
442 1795 603 1859 Dominus
625 1795 702 1879 quia
723 1793 807 1857 hanc
830 1791 1084 1874 indignationem
1101 1816 1152 1858 me
1167 1816 1290 1879 prome-

340 1897 440 1960 ruisse
460 1917 526 1959 non
547 1895 654 1960 credo.
699 1894 866 1958 Providete
881 1894 1000 1979 itaque,
1017 1907 1118 1978 pater,
1132 1896 1160 1959 si
1174 1896 1290 1978 piacet,
1358 1944 1360 1946 >

338 1998 372 2060 in
389 2018 453 2082 quo
469 1994 594 2062 calculo
609 1997 787 2081 relinquitis
802 1995 924 2061 amicos
938 2008 1068 2059 vestros.

383 2297 606 2364 EPISTOLA
630 2299 874 2364 carelli-sn
891 2318 1075 2364 aoaaarnn
1093 2319 1247 2364 erronea

550 2417 812 2464 nauronunssn.
860 2396 946 2481 [an.
971 2403 1079 2484 noa]

661 2562 772 2624 Prr‘ori
787 2562 972 2626 Meritone.

384 2696 534 2759 Gaarrss
548 2716 609 2775 ego
625 2695 726 2769 robis,
749 2693 847 2778 quod,
863 2696 947 2759 sicut
968 2718 1011 2760 ex
1033 2697 1145 2759 litteris
1167 2699 1287 2774 vestris,

342 2808 375 2862 et
402 2796 608 2880 plurimorum
635 2792 786 2859 relatione
814 2782 936 2876 ᾶίᾶίοἰ,ι
950 2797 1013 2861 mei
1042 2797 1288 2861 sollicitudinem

343 2896 463 2977 geritis,
487 2907 519 2960 et
541 2916 633 2980 spero
657 2896 745 2981 quod
767 2917 827 2980 per
848 2897 1095 2961 misericordiam
1122 2896 1185 2960 Dei
1211 2898 1290 2960 mihi

342 2996 482 3081 proderit
503 2997 687 3062 sollicitudo
701 3009 815 3061 vestra.
862 2997 968 3062 Credo
982 2999 1052 3084 jam
1070 2999 1238 3082 profuisse,
1260 3010 1291 3062 et

344 3098 455 3162 restris
484 3110 517 3164 et
546 3100 719 3163 amicorum
750 3100 875 3163 ascribo
904 3101 1068 3185 precibus,
1097 3100 1182 3185 quod
1213 3101 1291 3164 mihi

341 3220 492 3284 prospere
507 3210 672 3264 cesserunt
693 3221 805 3264 omnes
820 3201 891 3265 dics
912 3202 1178 3285 peregrinationis
1200 3224 1290 3265 meae.

341 3301 388 3364 Et
401 3301 478 3385 quia
492 3323 543 3364 me
559 3311 695 3364 vestrum
712 3322 838 3385 semper
852 3312 886 3366 et
899 3302 1020 3387 ubique
1039 3314 1163 3383 reputo,
1177 3322 1291 3385 precor

342 3403 505 3480 attentius,
529 3411 564 3467 ut
589 3423 647 3486 pro
669 3424 720 3465 me
742 3402 945 3468 intercedatis
969 3403 1010 3468 ad
1036 3403 1223 3478 Dominum,
1248 3425 1289 3465 ne

341 3526 393 3569 me
408 3527 505 3590 supra
519 3506 552 3568 id
568 3506 654 3590 quod
678 3526 809 3589 possum
832 3506 946 3570 tentari
968 3506 1118 3591 patiatur,
1135 3504 1192 3569 sed
1215 3527 1288 3569 cum

342 3608 519 3671 tentatione
542 3620 729 3691 proventum
751 3607 887 3671 faciam:
915 3607 1057 3692 quando,
1076 3617 1109 3671 et
1128 3608 1289 3690 quomodo

342 3708 406 3770 sibi
416 3709 520 3770 visum
535 3718 594 3786 est,
609 3709 635 3772 si
652 3718 758 3772 tamen
773 3708 837 3772 hoc
855 3709 955 3772 visum
970 3709 1077 3784 suerit,
1094 3731 1145 3772 me
1161 3709 1292 3772 reducat

343 3809 377 3871 in
392 3818 506 3871 terram
519 3812 695 3875 nativitatis
709 3831 788 3873 mere
803 3812 874 3874 sine
894 3811 1066 3896 dispendio
1088 3812 1290 3876 conscientias

343 3919 375 3974 et
390 3909 493 3988 samse,
508 3920 540 3973 et
558 3921 747 3996 conceptam
769 3912 1025 3995 indignationem
1048 3912 1173 3975 domini
1195 3914 1290 3994 regis,

343 4011 398 4094 qui
413 4032 476 4089 me,
491 4011 631 4075 Domino
646 4023 678 4077 et
693 4014 890 4078 conscientia
908 4024 1000 4089 teste,
1016 4014 1113 4094 gratis
1135 4011 1192 4076 diu
1217 4034 1289 4095 per-

343 4122 497 4196 sequutus
512 4123 572 4191 est,
587 4127 619 4179 et
640 4114 744 4181 adhuc
762 4114 974 4199 persequitur,
996 4113 1128 4193 mitiget.
1175 4112 1290 4175 Pareat

342 4215 389 4277 illi
405 4215 506 4294 Deus,
521 4228 553 4280 et
567 4238 632 4279 non
648 4217 733 4282 sinat
754 4229 791 4283 ut
811 4216 954 4301 procella
975 4213 1111 4279 turbinis
1130 4213 1227 4297 hujus
1249 4216 1290 4277 ab

342 4316 449 4379 animo
465 4338 535 4380 meo
551 4320 697 4381 excutiat
708 4321 884 4382 caritatem.
929 4315 1070 4383 Confido
1081 4326 1188 4378 autem
1204 4313 1290 4397 quod

343 4416 491 4480 dominus
506 4417 742 4482 Londonieusis
757 4429 789 4482 et
810 4418 1057 4483 archidiaconus
1072 4415 1293 4493 Pictaviensis,

342 4518 369 4580 si
384 4519 656 4603 opportunitatem
672 4519 817 4597 viderint,
832 4532 928 4603 agent
942 4519 983 4583 de
997 4540 1078 4601 pace
1093 4538 1174 4581 mea.
1219 4518 1290 4579 Nec

298 4657 319 4673 0
343 4616 454 4682 diffido
470 4620 509 4683 de
525 4620 667 4684 Ricardo
683 4621 722 4684 de
738 4621 830 4683 Luci.
873 4621 992 4684 Precor
1006 4619 1116 4701 itaque
1132 4631 1166 4681 ut
1180 4630 1212 4681 et
1227 4640 1293 4693 ros,

343 4716 371 4776 si
386 4720 656 4800 opportunitatem
672 4720 825 4798 videritis,
847 4721 926 4783 istos
948 4740 1005 4803 pro
1027 4740 1078 4781 me
1101 4718 1291 4791 sollicitetis,

343 4828 499 4899 quatenus
530 4831 635 4884 tamen
665 4822 810 4885 ecclesia
841 4833 953 4885 vestrae
989 4842 1055 4884 non
1093 4817 1290 4883 credideritis
