3300 6434
346 1159 409 1217 Μ
602 1165 738 1212 sossius
753 1163 1032 1211 stnmssmeasrs
1204 1149 1249 1227 [s.
1267 1168 1297 1212 s.

347 1321 444 1398 carni,
460 1332 492 1383 et
505 1320 621 1402 sopito,
635 1320 700 1381 imo
714 1317 779 1381 sere
794 1319 937 1381 extincto
956 1318 1080 1400 spiritui
1095 1319 1128 1381 in
1151 1320 1298 1383 salutem.

349 1421 547 1485 Persuadeas
573 1440 647 1502 ergo
674 1419 811 1482 dominae
839 1430 953 1481 nostrae
975 1431 1010 1483 ut
1034 1442 1095 1483 nos
1120 1419 1160 1484 de
1183 1432 1299 1482 caetero

346 1524 464 1587 babeat
478 1535 650 1585 excusatos
671 1522 705 1583 in
729 1541 769 1583 eo
793 1519 881 1604 quod
906 1521 989 1583 ultro
1011 1520 1209 1584 dissimulare
1231 1540 1298 1584 non

346 1626 440 1689 licetz
463 1626 607 1707 sciatque
629 1643 687 1705 pro
702 1633 790 1684 certo
813 1620 942 1705 quodsi
958 1622 1107 1686 revixerit
1121 1623 1205 1685 filius
1220 1622 1300 1706 ejus,

347 1736 380 1789 et
394 1725 564 1788 consilium
582 1724 691 1786 matris
715 1722 849 1805 recipiat
872 1722 1006 1786 audiens
1020 1745 1131 1787 vocem
1156 1725 1300 1800 Domini,

347 1845 408 1888 nos
434 1823 476 1887 ad
500 1823 655 1886 bonorem
683 1822 758 1898 Dei,
782 1832 814 1884 et
837 1821 1033 1885 voluntatem
1059 1844 1149 1886 suam
1175 1835 1301 1904 paratos

346 1923 497 1987 inveniet
532 1923 663 1994 Interim
679 1920 866 1983 morientem
882 1912 985 1984 filium
1000 1923 1127 2005 pariter,
1140 1936 1175 1987 et
1188 1922 1300 1986 eodem

345 2027 513 2109 lugeamus
533 2024 661 2097 affectu,
677 2023 733 2105 qni
757 2023 893 2085 salutem
909 2021 979 2105 ejus
992 2034 1025 2087 et
1047 2024 1213 2102 bonorem,
1228 2024 1300 2087 Deo

346 2139 438 2202 teste,
450 2125 609 2189 consimili
625 2122 785 2187 desiderio
800 2134 950 2206 optamus
965 2124 1083 2208 pariter
1097 2137 1130 2188 et
1143 2138 1298 2210 optamus.

347 2229 431 2292 Haec
457 2248 529 2291 cum
556 2226 677 2299 dolore,
702 2226 853 2304 lacrimis,
876 2226 1080 2306 singultibus,
1104 2239 1134 2291 et
1158 2228 1301 2309 suspiriis

347 2329 516 2413 loquimur,
532 2340 683 2411 tanquam
698 2327 819 2390 viscera
832 2337 941 2390 nostra
956 2327 997 2391 de
1011 2330 1148 2392 claustro
1164 2330 1301 2412 pectoris

346 2430 519 2495 acerbitate
544 2429 618 2491 ferri
647 2439 793 2492 extracta
820 2429 933 2492 ardore
959 2431 1093 2493 cauterii
1118 2431 1298 2494 inuramus:

347 2532 435 2618 quod
448 2544 481 2597 et
496 2532 586 2623 Dens
601 2532 673 2609 scit,
683 2532 718 2593 in
733 2531 825 2613 cujus
841 2527 990 2615 injuriam
1005 2554 1154 2597 exercere
1169 2536 1301 2598 ulterius

345 2657 411 2698 non
428 2635 582 2699 debemus
603 2634 736 2718 impiam
759 2633 923 2716 pietatem,
933 2635 962 2696 ei
984 2631 1017 2696 in
1040 2635 1142 2709 terris,
1158 2650 1301 2710 matrem,

346 2747 479 2820 patrem,
495 2756 643 2809 sororem,
659 2734 870 2818 preferendo,
886 2744 918 2798 et
943 2736 1138 2799 Dominum:
1167 2758 1233 2799 non
1249 2748 1300 2801 est

346 2835 438 2898 dolor
452 2838 536 2900 sicut
550 2837 643 2900 dolor
656 2837 735 2900 iste:
767 2835 823 2900 sed
839 2837 954 2900 caritas
980 2838 1054 2915 Dei,
1068 2849 1101 2902 et
1123 2838 1254 2916 utilitas,
1268 2851 1302 2903 et

345 2939 449 3002 bonor
463 2938 532 3023 ejus
547 2940 602 3023 qui
618 2950 754 3016 curatur,
768 2960 829 3001 uos
846 2949 938 3019 urget
953 2950 989 3003 ut
1012 2939 1083 3004 baec
1107 2942 1179 3004 sorti
1194 2943 1300 3006 animo

345 3041 541 3103 sufferamus.
587 3038 678 3117 Vale,
694 3042 808 3117 saluta,
822 3051 855 3102 et
878 3041 1017 3105 sollicita
1030 3042 1142 3107 fratres
1165 3058 1299 3119 nostros,

344 3150 380 3202 ut
402 3140 495 3202 nobis
521 3140 691 3221 impetrent
715 3139 861 3220 spiritum
886 3142 1014 3206 consilii
1040 3154 1073 3206 et
1097 3140 1300 3223 fortitudinis,

345 3247 470 3301 orantes
486 3258 543 3321 pro
559 3235 691 3299 domino
706 3256 790 3318 rege,
807 3249 842 3301 ut
856 3240 885 3301 ei
904 3240 991 3303 adsit
1004 3242 1133 3324 spiritus
1156 3245 1298 3308 scientiae

345 3352 376 3403 et
389 3339 539 3416 veritatis,
554 3346 711 3423 quatenus
735 3359 802 3421 pax
818 3339 889 3421 ejus
903 3341 1060 3405 Ecclesiae
1080 3343 1143 3406 Dei
1159 3356 1191 3407 et
1204 3345 1299 3408 nobis

345 3439 529 3505 reformetur
542 3441 576 3503 in
594 3439 746 3502 Domino.

345 3693 564 3757 EPISTOLA
608 3695 799 3759 cml-tn
835 3714 1045 3763 wrttsmton
1081 3721 1124 3765 ss
1159 3720 1297 3765 ooonsu

377 3810 519 3856 antonna
536 3810 701 3856 noctssrn
718 3814 995 3861 canrotnrsrrsrs.
1045 3799 1090 3882 [a.
1107 3820 1138 3862 o.
1158 3804 1267 3878 1166.]

396 3925 568 3991 Prioribus
581 3932 701 3988 ronow
717 3927 871 3993 Eculeus
891 3926 1151 4009 Comuotiensis,
1164 3935 1200 3997 Ι.
1216 3937 1254 3999 S.

385 4048 583 4110 Mourrussn
598 4055 751 4127 potestat
771 4045 868 4112 debet
884 4057 986 4112 vestra
1000 4048 1162 4127 discretio,
1177 4064 1300 4135 quanta

343 4145 516 4210 reverentia
531 4147 571 4208 sit
586 4146 733 4210 Patribus
747 4148 943 4226 exhibenda,
958 4163 989 4214 et
1010 4160 1160 4234 quantam
1185 4153 1299 4217 huma-

340 4250 473 4312 nitatem
493 4261 603 4310 saucta
619 4246 860 4312 Cantuariensis
885 4251 1022 4314 ecclesia
1048 4251 1300 4336 archiepiscopis

342 4351 407 4414 suis
422 4347 624 4431 impenderit.
670 4349 763 4411 Licet
783 4360 889 4413 autem
904 4352 1007 4427 illum,
1024 4351 1080 4435 qui
1096 4353 1192 4416 modo
1217 4375 1299 4436 prae·

340 4449 424 4515 sidet
439 4449 541 4526 nobis,
558 4468 621 4509 non
639 4448 772 4512 audeam
791 4451 858 4513 suis
879 4451 1104 4516 decessoribus
1119 4475 1300 4539 coaequare,

339 4552 393 4634 qui
422 4550 454 4611 in
486 4549 622 4611 ecclesia
651 4561 761 4612 nostra
790 4563 962 4616 coruscant
991 4552 1165 4631 miraculis,
1190 4564 1298 4618 tamen

340 4672 480 4725 causam,
514 4670 608 4730 quam
649 4649 708 4712 ists
748 4661 864 4728 tuctur,
903 4652 1085 4716 inferiorem
1123 4676 1193 4717 essa
1231 4675 1299 4719 non

340 4752 480 4813 arbitror.
520 4749 643 4812 Eadem
656 4751 741 4814 enim
758 4762 815 4827 est,
830 4773 928 4831 quum
946 4754 1115 4837 utrobique
1131 4776 1189 4838 pro
1201 4756 1296 4824 liber.
