3300 6434
362 1188 473 1272 llud]
763 1194 944 1248 urrunnun.
1248 1191 1312 1250 807

357 1365 459 1419 mutes
479 1355 570 1439 regni
593 1354 798 1433 Francorum,
818 1365 853 1418 ct
874 1354 1003 1419 tandem
1026 1355 1061 1417 in
1086 1355 1215 1438 propria
1235 1374 1308 1440 pcr-

356 1477 436 1520 sona
458 1454 639 1521 accessistis
662 1454 703 1519 ad
729 1456 927 1541 colloquium
950 1456 1032 1541 ejus,
1054 1464 1088 1519 et
1113 1456 1309 1521 sustinuistis

355 1558 528 1641 repulsam.

399 1658 571 1735 Caeterum,
587 1659 665 1744 quia
686 1659 832 1742 episcopi
854 1659 957 1723 nostri
978 1659 1133 1739 scribunt,
1152 1669 1185 1722 et
1206 1658 1307 1722 confi·

355 1759 469 1825 denter
482 1761 660 1844 pradicant
673 1778 746 1827 eum
758 1760 799 1825 ad
810 1780 938 1825 omnem
948 1761 1107 1846 justitiam
1119 1771 1152 1825 et
1166 1760 1307 1825 debitam

354 1862 602 1926 satisfactionem
632 1884 703 1927 esse
736 1871 895 1947 paratum,
924 1872 956 1926 et
985 1864 1077 1927 mam
1116 1864 1194 1927 satis
1232 1862 1306 1926 dare

353 1965 525 2043 volentem,
539 1964 567 2028 si
583 1965 662 2030 ratio
677 1965 838 2047 exegerit3
869 1964 947 2028 mihi
969 1976 1002 2028 et
1023 1964 1212 2050 quibusdam
1236 1964 1307 2027 aliis

353 2063 466 2127 amicis
488 2065 601 2129 vestris
619 2065 743 2129 videtur
764 2065 997 2143 consiliumet
1018 2066 1157 2131 evocetis
1178 2065 1306 2148 episco-

353 2185 424 2247 pos,
447 2175 480 2229 et
500 2167 690 2232 nominatim
711 2167 785 2232 illos
815 2169 871 2252 qui
897 2169 1017 2232 litteras
1039 2168 1252 2251 signaverunt,
1273 2178 1306 2229 et

353 2266 481 2331 Saresb.
507 2269 564 2352 qni
590 2269 631 2332 de
656 2268 775 2354 injusta
800 2270 1009 2354 suspensione
1035 2270 1252 2355 conqueritur,
1275 2278 1307 2332 et

352 2367 498 2451 Wigom.
523 2369 580 2455 qui
602 2381 652 2434 est
680 2371 875 2455 principium
903 2372 1115 2452 generationis
1136 2380 1247 2434 vestrae
1271 2370 1305 2431 in

353 2470 506 2549 Domino,
520 2481 553 2535 et
576 2472 604 2535 si
627 2473 682 2555 qui
705 2473 758 2536 alii
781 2482 865 2551 suut,
881 2492 1015 2556 quorum
1037 2473 1146 2535 utilem
1168 2469 1305 2534 credatis

351 2589 421 2632 esse
437 2572 648 2651 praesentiam,
660 2586 693 2636 et
706 2573 915 2656 experiamini
927 2593 967 2635 an
980 2571 1045 2634 lida
1059 2572 1102 2634 sit
1111 2570 1305 2647 testificatio,

350 2669 547 2753 praedicatio,
576 2683 608 2736 et
636 2675 793 2757 scriptur-a
822 2694 941 2737 corum.
990 2673 1105 2737 Vocati
1135 2684 1240 2736 autem
1269 2673 1303 2734 in

351 2770 464 2835 virtute
485 2770 678 2837 obedientiae
699 2770 834 2838 fortasse
857 2796 922 2838 non
941 2776 1078 2850 venient,
1092 2774 1169 2837 licet
1189 2773 1302 2836 inobe-

351 2868 504 2934 dientiam
517 2874 607 2936 nulla
620 2886 774 2956 nmquam
787 2875 962 2957 appellatio
977 2885 1091 2936 tuetur.
1130 2872 1195 2936 Sed
1204 2894 1301 2937 cansa

350 2982 453 3035 vestra
466 2970 618 3056 liquidior
631 2974 701 3052 erit,
717 2975 745 3037 si
758 2975 882 3038 falsitas
896 2985 930 3037 et
951 2975 1071 3038 malitia
1085 2994 1193 3037 eorum
1208 2975 1303 3037 fueru

350 3074 496 3138 revelata.
537 3076 613 3138 Non
628 3084 734 3139 tamen
750 3075 884 3138 arbitror
898 3096 1009 3139 omnes
1024 3076 1204 3159 episcopos,
1218 3075 1304 3138 sicut

348 3194 409 3239 nec
432 3195 585 3258 personas
611 3177 646 3240 in
673 3177 856 3242 diocesibus
878 3179 1078 3256 constitutas,
1100 3196 1179 3261 quas
1204 3178 1303 3242 fallax

349 3276 470 3341 claudit
484 3276 660 3362 inscriptio,
676 3278 751 3342 huic
767 3280 897 3343 malitiae
913 3281 1104 3356 consentire,
1120 3300 1218 3362 quum
1234 3297 1301 3343 cer·

347 3389 416 3440 tum
436 3376 488 3453 sit,
504 3391 560 3442 aut
581 3379 693 3442 saltem
709 3379 853 3443 videatur
874 3397 944 3442 esse
965 3379 1144 3461 probabile,
1158 3380 1191 3441 in
1215 3389 1302 3443 tanta

348 3481 489 3543 ecclesia
507 3483 546 3541 18
561 3480 804 3564 episcopatuum
818 3478 924 3544 adhuc
946 3480 1083 3544 inveniri
1097 3482 1146 3544 vel
1160 3478 1233 3544 illos
1251 3485 1301 3558 to,

347 3600 483 3664 quorum
521 3579 791 3663 contemplatione
831 3580 958 3644 interim
997 3582 1157 3645 Dominus
1185 3583 1300 3647 insulae

346 3680 460 3764 parcit,
474 3700 516 3742 ne
532 3700 606 3744 cum
622 3680 782 3744 sororibus
797 3682 876 3759 suis,
892 3702 1025 3766 quarum
1047 3683 1187 3746 imitatur
1204 3686 1298 3748 luxu·

345 3780 425 3844 riam
447 3789 481 3844 et
503 3780 711 3864 impietatem,
733 3779 877 3844 funditus
901 3781 1052 3845 deleatur.
1098 3784 1189 3848 Licet
1210 3787 1297 3849 enim

346 3882 445 3966 aliqui
468 3884 542 3968 plus
559 3882 648 3967 justo
674 3893 810 3958 taceant,
836 3894 868 3947 et
892 3905 1094 3970 quacumque
1115 3886 1299 3958 considera·

345 3982 433 4048 tione
448 3984 664 4050 dissimulent:
696 3985 793 4049 credo
810 3998 916 4050 tamen
932 3987 1056 4071 aliquos
1069 3987 1104 4050 in
1126 3983 1298 4072 episcopis,

345 4094 378 4149 et
400 4088 515 4152 multas
536 4102 690 4171 personas
715 4086 756 4151 de
783 4088 920 4171 puritate
946 4086 1022 4151 fidei
1044 4094 1077 4151 ct
1097 4089 1297 4153 couscientia

345 4188 499 4251 bonorum
515 4202 647 4271 operum
671 4206 798 4271 sperare
814 4197 846 4250 et
869 4197 1041 4271 expectare
1065 4208 1197 4271 regnum
1222 4191 1296 4253 Dei.

344 4286 430 4351 Nam
442 4296 475 4351 et
487 4287 609 4372 Joseph
621 4286 727 4350 fidelis
737 4286 886 4350 inventus
897 4288 988 4351 estin
1004 4287 1099 4352 domo
1111 4289 1297 4368 Pharaonis,

344 4382 432 4451 Loth
451 4387 559 4473 justus
584 4386 700 4452 mansit
724 4388 757 4450 in
784 4386 945 4463 Sodomis,
969 4389 1068 4453 Cusai
1093 4391 1127 4453 iu
1154 4391 1297 4455 consiliis

342 4488 485 4552 Absalon
506 4488 626 4553 utiliter
641 4500 783 4553 versatus
798 4500 856 4564 est,
872 4488 990 4553 Daniel
1004 4490 1194 4554 iunocenter
1215 4512 1295 4575 pra·

341 4591 402 4654 snit
430 4590 464 4654 ln
497 4590 676 4673 Babylone,
705 4590 829 4654 Abdias
866 4591 901 4654 in
930 4591 1091 4656 consortio
1121 4594 1234 4658 Achab
1263 4604 1296 4658 et

340 4690 488 4769 Jezabel,
503 4689 709 4755 dissimulans
723 4712 798 4755 cum
820 4689 942 4771 dolore,
957 4715 1028 4778 quae
1044 4695 1214 4759 emendare
1229 4717 1294 4759 nou

341 4803 474 4873 poterat.
522 4786 699 4875 Prophetas
722 4792 855 4857 Domini
877 4793 911 4856 in
934 4793 1021 4858 atriis
1035 4796 1196 4861 latitantes
1211 4799 1294 4861 salu·

796 4901 855 4956 xi
