3300 6434
376 1213 571 1293 rico-ca]
769 1228 949 1274 sersaoua.
1266 1215 1329 1274 215

370 1403 441 1445 eam
462 1393 587 1466 partem
610 1381 753 1444 rideatur
775 1404 845 1446 esse
867 1381 1045 1465 proclivior,
1068 1392 1105 1445 ut
1125 1382 1194 1463 ipse
1212 1381 1324 1444 beatus

368 1483 389 1546 J
391 1485 431 1546 ob
448 1485 589 1549 subactis
601 1483 833 1547 tentationibus
848 1483 1010 1567 proprium
1023 1482 1185 1566 scripserit
1194 1481 1322 1548 librum.

370 1585 422 1648 De
445 1585 560 1662 Tabia,
582 1584 707 1661 Judith,
729 1597 762 1648 et
782 1585 864 1647 libro
886 1584 1158 1660 Machabreorum,
1180 1582 1322 1666 quinon

369 1698 442 1749 sunt
467 1688 587 1770 recepti
612 1687 647 1748 in
669 1707 802 1765 canone,
827 1707 846 1749 a
868 1686 987 1766 quibus
1009 1685 1191 1749 auctoribus
1213 1682 1325 1766 scripti

367 1788 441 1859 sint,
457 1809 515 1850 nec
539 1790 666 1868 vulgata
690 1787 787 1851 docet
808 1787 930 1871 opinio,
946 1808 1007 1849 nec
1029 1785 1143 1850 dehis
1166 1805 1323 1868 sequaces

366 1887 512 1951 Philonis
539 1889 660 1952 iaciunt
686 1890 899 1953 mentionem:
930 1889 1005 1974 quia
1031 1897 1137 1951 tamen
1164 1886 1261 1950 fidem
1288 1897 1321 1950 et

364 1991 548 2071 religionem
572 1991 745 2065 aedificant,
762 1992 816 2073 pie
839 1991 972 2054 admissi
995 2001 1080 2053 sunt.
1114 1991 1244 2053 Librum
1263 1990 1320 2053 Sa·

364 2092 493 2173 pientiae
516 2095 695 2177 composuit
718 2094 822 2168 Philo,
840 2092 1021 2176 diciturque
1040 2091 1319 2175 Pseudographus,

364 2196 531 2278 nunquia
552 2197 633 2259 male
658 2196 831 2279 scripserit,
855 2194 914 2258 sed
937 2195 1013 2278 quia
1039 2196 1121 2257 male
1146 2193 1318 2277 inscripsit

363 2293 543 2376 Inscriptus
565 2296 650 2357 enim
680 2305 730 2358 est
760 2295 926 2379 Sapientia
956 2294 1147 2371 Salomonis,
1173 2314 1272 2376 quum
1298 2315 1319 2360 a

363 2392 534 2458 Salomone
557 2418 623 2460 non
648 2397 690 2459 sit
712 2397 828 2474 editus,
851 2396 908 2460 scd
931 2406 1062 2480 propter
1082 2396 1199 2478 stylum
1221 2417 1318 2481 quem

362 2495 511 2573 induerit,
527 2510 559 2562 et
580 2498 771 2580 elegantiam
792 2518 926 2575 morum,
941 2519 1037 2581 quam
1060 2498 1089 2559 ei
1104 2496 1248 2560 similiter
1268 2498 1317 2561 ins

361 2596 484 2672 format,
511 2598 627 2662 dicitur
653 2598 844 2662 Salomonis.
891 2595 1159 2661 Ecclesiasticum
1190 2597 1318 2681 scripsit

359 2701 455 2765 iesus
472 2702 557 2765 filius
580 2702 704 2779 Sirach,
720 2701 775 2784 qui
797 2712 830 2764 et
849 2700 932 2784 ipse,
946 2699 1022 2781 styli
1044 2699 1265 2764 conformitate
1285 2708 1318 2764 et

358 2824 491 2878 morum,
517 2802 698 2867 Salomonis
720 2803 849 2876 dicitur,
873 2803 956 2865 sicut
978 2822 996 2864 e
1019 2810 1131 2865 contra
1150 2823 1170 2864 a
1189 2799 1316 2866 Latinis

357 2924 419 2966 usu
434 2905 562 2983 vulgato
575 2903 726 2966 dicuntur
741 2923 810 2964 esse
827 2901 973 2985 quadam
989 2899 1029 2962 de
1043 2902 1126 2963 libro
1138 2901 1313 2983 sapientie

360 3022 434 3085 quae
449 3026 512 3067 non
529 3004 586 3080 ibi,
602 3003 657 3065 sed
679 3004 712 3065 in
730 3002 896 3065 Parabolis
916 3002 1052 3064 inveniri
1071 3000 1158 3064 haud
1179 3001 1314 3067 dubium

358 3117 416 3168 est
464 3104 560 3169 Unde
584 3105 617 3167 in
640 3102 801 3178 Ecclesia,
817 3103 970 3187 periocha
990 3103 1218 3166 Parabolarum
1241 3126 1313 3188 quae

357 3208 402 3271 sic
433 3207 558 3291 incipit,
583 3205 754 3269 Mulierem
777 3206 896 3287 sortem
925 3207 998 3287 quis
1023 3206 1188 3269 inueniet?
1221 3206 1314 3271 titulo

356 3309 530 3394 Sapientiae
546 3322 747 3392 praenotatur.
779 3310 862 3371 Haec
879 3306 918 3370 de
934 3327 1066 3370 numero
1083 3315 1116 3369 et
1130 3308 1312 3371 auctoribus

354 3413 505 3475 librorum
522 3413 635 3475 veteris
651 3411 858 3487 Testamenti,
868 3410 901 3471 in
918 3408 1037 3490 quibus
1052 3429 1109 3490 pro
1124 3419 1215 3491 parte
1230 3428 1311 3490 prae·

354 3515 411 3577 sati
423 3525 569 3577 auctores
580 3535 600 3576 a
612 3514 738 3594 vulgata
751 3512 903 3594 opinione
915 3503 1117 3573 dissentiunt.
1149 3510 1310 3575 Numerus

353 3615 506 3676 librorum
526 3614 611 3676 Nori
631 3614 828 3676 Testamenti
850 3623 955 3675 certus
975 3626 1035 3686 est,
1052 3625 1084 3675 et
1104 3623 1261 3691 auctores,
1277 3626 1310 3677 et

352 3715 418 3777 sere
434 3716 523 3777 nulla
534 3725 583 3776 est
594 3714 810 3778 altercationis
823 3712 969 3797 quaestio
1009 3710 1176 3797 Siquidem
1189 3714 1309 3797 singuli

351 3815 567 3897 Evangelistae
595 3837 654 3880 sua
677 3816 840 3879 volumina
866 3814 1046 3880 ediderunt.
1083 3817 1206 3881 Paulus
1231 3839 1306 3883 suas

350 3917 502 4001 epistolas
517 3918 632 3996 texuit,
647 3918 706 3981 etsi
722 3918 808 3981 illam
825 3940 898 4001 quae
913 3918 955 3981 ad
968 3919 1126 3983 Hebraeos
1141 3930 1189 3983 est
1200 3920 1306 4003 suspi-

349 4028 460 4081 centur
471 4018 568 4101 aliqui
583 4019 682 4082 fuisse
694 4019 851 4081 Barnabae
862 4015 913 4082 vel
925 4018 1109 4082 Clementis.
1140 4021 1304 4102 Epistulas

349 4119 531 4183 canonicas
551 4121 599 4184 illi
620 4120 817 4203 scripserunt
838 4140 973 4204 quorum
989 4120 1173 4182 nominibus
1192 4120 1304 4183 inscri-

348 4222 476 4283 buntur.
503 4223 554 4285 De
567 4219 692 4285 duabus
704 4234 810 4284 tamen
823 4221 966 4303 epistolis
975 4216 1110 4283 Joannis
1121 4221 1302 4285 novissimis

349 4322 482 4403 questio
498 4333 554 4385 est
585 4325 686 4385 Actus
699 4323 925 4404 Apostolorum
942 4331 1006 4384 tarn
1020 4321 1109 4384 fideli
1124 4331 1157 4385 et
1171 4322 1302 4400 salubri,

349 4442 445 4504 quam
461 4421 547 4483 dulci
570 4421 663 4504 stylo,
679 4422 784 4484 Lucas
807 4420 1004 4502 dignoscitur
1018 4442 1175 4484 exarasse.
1212 4422 1299 4503 Apo-

348 4523 505 4605 calypsim
520 4522 573 4584 alii
589 4544 608 4585 a
622 4520 645 4582 J
648 4542 751 4586 caune
768 4522 933 4604 Apostol0,
949 4523 1002 4585 alii
1018 4544 1038 4585 a
1051 4522 1190 4606 quodam
1204 4543 1298 4587 sanc·

345 4626 470 4687 tissimo
481 4622 645 4688 sacerdote
661 4623 829 4706 Ephesino
843 4623 864 4686 J
867 4644 979 4701 oanne,
992 4623 1074 4687 sicut
1087 4624 1298 4690 litteratorum

345 4726 779 4809 paterbeatusHieronymus
790 4724 1094 4809 refert,descriptam
1105 4728 1295 4810 opinantur:

344 4827 400 4890 scd
413 4825 499 4910 apud
514 4826 734 4892 credulitatem
747 4828 892 4891 ecclesiae
906 4827 1004 4891 vineit
1015 4831 1187 4912 apostolus.
1212 4830 1294 4901 Haec
