<?xml version="1.0" encoding="UTF-8"?>
<!DOCTYPE html PUBLIC "-//W3C//DTD XHTML 1.0 Transitional//EN"
    "http://www.w3.org/TR/xhtml1/DTD/xhtml1-transitional.dtd">
<html xmlns="http://www.w3.org/1999/xhtml" xml:lang="en" lang="en">
 <head>
  <title>
</title>
<meta http-equiv="Content-Type" content="text/html;charset=utf-8" />
  <meta name='ocr-system' content='tesseract 3.04.00' />
  <meta name='ocr-capabilities' content='ocr_page ocr_carea ocr_par ocr_line ocrx_word'/>
</head>
<body>
  <div class='ocr_page' id='page_1' title='image "./joannissaresber14johngoog_0026.png"; bbox 0 0 3300 6434; ppageno 0'>
   <div class='ocr_carea' id='block_1_1' title="bbox 342 1205 1293 1286">
    <p class='ocr_par' dir='ltr' id='par_1_1' title="bbox 342 1205 1293 1286">
     <span class='ocr_line' id='line_1_1' title="bbox 342 1205 1293 1286; baseline -0.003 -14"><span class='ocrx_word' id='word_1_1' title='bbox 342 1215 361 1272; x_wconf 88' lang='grc'><strong>6</strong></span> <span class='ocrx_word' id='word_1_2' title='bbox 602 1224 739 1269; x_wconf 79' lang='lat' dir='ltr'><strong>scaurus</strong></span> <span class='ocrx_word' id='word_1_3' title='bbox 754 1223 1030 1268; x_wconf 78' lang='lat' dir='ltr'><strong>srassesersnsrs</strong></span> <span class='ocrx_word' id='word_1_4' title='bbox 1199 1205 1244 1286; x_wconf 82' lang='lat' dir='ltr'><strong>[r.</strong></span> <span class='ocrx_word' id='word_1_5' title='bbox 1261 1224 1293 1269; x_wconf 85' lang='lat' dir='ltr'><strong>n.</strong></span> 
     </span>
    </p>
   </div>
   <div class='ocr_carea' id='block_1_2' title="bbox 340 1372 1297 2179">
    <p class='ocr_par' dir='ltr' id='par_1_2' title="bbox 340 1372 1297 2179">
     <span class='ocr_line' id='line_1_2' title="bbox 343 1372 1294 1461; baseline 0 -20"><span class='ocrx_word' id='word_1_6' title='bbox 343 1373 506 1461; x_wconf 75' lang='lat' dir='ltr'><strong>pollicitus</strong></span> <span class='ocrx_word' id='word_1_7' title='bbox 528 1374 645 1454; x_wconf 81' lang='lat' dir='ltr'><strong>tuerat,</strong></span> <span class='ocrx_word' id='word_1_8' title='bbox 659 1374 692 1436; x_wconf 92' lang='lat' dir='ltr'><strong>in</strong></span> <span class='ocrx_word' id='word_1_9' title='bbox 717 1396 813 1437; x_wconf 87' lang='lat' dir='ltr'><strong>manu</strong></span> <span class='ocrx_word' id='word_1_10' title='bbox 837 1372 1052 1437; x_wconf 86' lang='lat' dir='ltr'><strong>archidiaconi</strong></span> <span class='ocrx_word' id='word_1_11' title='bbox 1072 1374 1294 1443; x_wconf 74' lang='lat' dir='ltr'><strong>ecclesiaesuoe</strong></span> 
     </span>
     <span class='ocr_line' id='line_1_3' title="bbox 342 1473 1295 1566; baseline 0.003 -25"><span class='ocrx_word' id='word_1_12' title='bbox 342 1477 548 1542; x_wconf 78' lang='lat' dir='ltr'><strong>renunciavit.</strong></span> <span class='ocrx_word' id='word_1_13' title='bbox 595 1477 676 1554; x_wconf 82' lang='lat' dir='ltr'><strong>Haec</strong></span> <span class='ocrx_word' id='word_1_14' title='bbox 690 1473 1295 1566; x_wconf 81' lang='lat' dir='ltr'><strong>ethissimiliaallegaossuperinjurla</strong></span> 
     </span>
     <span class='ocr_line' id='line_1_4' title="bbox 342 1576 1295 1665; baseline 0.003 -21"><span class='ocrx_word' id='word_1_15' title='bbox 342 1580 403 1645; x_wconf 89' lang='lat' dir='ltr'><strong>sibi</strong></span> <span class='ocrx_word' id='word_1_16' title='bbox 424 1579 575 1665; x_wconf 86' lang='lat' dir='ltr'><strong>irrogata,</strong></span> <span class='ocrx_word' id='word_1_17' title='bbox 591 1578 837 1643; x_wconf 76' lang='lat' dir='ltr'><strong>satisfactionem</strong></span> <span class='ocrx_word' id='word_1_18' title='bbox 861 1579 1002 1663; x_wconf 88' lang='lat' dir='ltr'><strong>petebat,</strong></span> <span class='ocrx_word' id='word_1_19' title='bbox 1018 1576 1098 1643; x_wconf 91' lang='lat' dir='ltr'><strong>duos</strong></span> <span class='ocrx_word' id='word_1_20' title='bbox 1116 1581 1295 1647; x_wconf 76' lang='lat' dir='ltr'>sacerdotes</span> 
     </span>
     <span class='ocr_line' id='line_1_5' title="bbox 340 1680 1294 1770; baseline 0.002 -25"><span class='ocrx_word' id='word_1_21' title='bbox 340 1682 373 1745; x_wconf 88' lang='lat' dir='ltr'><strong>in</strong></span> <span class='ocrx_word' id='word_1_22' title='bbox 390 1681 542 1759; x_wconf 89' lang='lat' dir='ltr'><strong>medium,</strong></span> <span class='ocrx_word' id='word_1_23' title='bbox 558 1682 614 1765; x_wconf 89' lang='lat' dir='ltr'><strong>qui</strong></span> <span class='ocrx_word' id='word_1_24' title='bbox 638 1680 697 1745; x_wconf 87' lang='lat' dir='ltr'><strong>sibi</strong></span> <span class='ocrx_word' id='word_1_25' title='bbox 719 1682 784 1744; x_wconf 85' lang='lat' dir='ltr'><strong>vim</strong></span> <span class='ocrx_word' id='word_1_26' title='bbox 806 1681 923 1745; x_wconf 83' lang='lat' dir='ltr'><strong>iactam</strong></span> <span class='ocrx_word' id='word_1_27' title='bbox 944 1681 1203 1759; x_wconf 86' lang='lat' dir='ltr'><strong>testificarentur,</strong></span> <span class='ocrx_word' id='word_1_28' title='bbox 1219 1707 1294 1770; x_wconf 90' lang='lat' dir='ltr'><strong>pro-</strong></span> 
     </span>
     <span class='ocr_line' id='line_1_6' title="bbox 342 1782 1294 1868; baseline 0.002 -20"><span class='ocrx_word' id='word_1_29' title='bbox 342 1784 474 1849; x_wconf 89' lang='lat' dir='ltr'><strong>ducens.</strong></span> <span class='ocrx_word' id='word_1_30' title='bbox 498 1786 529 1847; x_wconf 88' lang='lat' dir='ltr'><strong>E</strong></span> <span class='ocrx_word' id='word_1_31' title='bbox 544 1794 655 1847; x_wconf 85' lang='lat' dir='ltr'><strong>contra</strong></span> <span class='ocrx_word' id='word_1_32' title='bbox 679 1787 718 1848; x_wconf 82' lang='lat' dir='ltr'><strong>lt.</strong></span> <span class='ocrx_word' id='word_1_33' title='bbox 743 1786 806 1848; x_wconf 82' lang='lat' dir='ltr'><strong>vim</strong></span> <span class='ocrx_word' id='word_1_34' title='bbox 823 1803 858 1846; x_wconf 88' lang='lat' dir='ltr'><strong>se</strong></span> <span class='ocrx_word' id='word_1_35' title='bbox 874 1782 1058 1868; x_wconf 68' lang='lat' dir='ltr'><strong>hujusmodi</strong></span> <span class='ocrx_word' id='word_1_36' title='bbox 1079 1784 1294 1866; x_wconf 86' lang='lat' dir='ltr'><strong>inliciebatur,</strong></span> 
     </span>
     <span class='ocr_line' id='line_1_7' title="bbox 343 1885 1293 1974; baseline 0.003 -22"><span class='ocrx_word' id='word_1_37' title='bbox 343 1888 440 1952; x_wconf 86' lang='lat' dir='ltr'><strong>ruodo</strong></span> <span class='ocrx_word' id='word_1_38' title='bbox 454 1887 496 1951; x_wconf 91' lang='lat' dir='ltr'><strong>de</strong></span> <span class='ocrx_word' id='word_1_39' title='bbox 511 1899 720 1973; x_wconf 88' lang='lat' dir='ltr'><strong>patronorum</strong></span> <span class='ocrx_word' id='word_1_40' title='bbox 737 1910 846 1972; x_wconf 88' lang='lat' dir='ltr'><strong>parma</strong></span> <span class='ocrx_word' id='word_1_41' title='bbox 861 1885 1007 1962; x_wconf 88' lang='lat' dir='ltr'><strong>conlisus,</strong></span> <span class='ocrx_word' id='word_1_42' title='bbox 1022 1888 1117 1953; x_wconf 90' lang='lat' dir='ltr'><strong>modo</strong></span> <span class='ocrx_word' id='word_1_43' title='bbox 1132 1889 1172 1952; x_wconf 91' lang='lat' dir='ltr'><strong>ad</strong></span> <span class='ocrx_word' id='word_1_44' title='bbox 1188 1888 1293 1974; x_wconf 80' lang='lat' dir='ltr'><strong>legum</strong></span> 
     </span>
     <span class='ocr_line' id='line_1_8' title="bbox 342 1985 1295 2075; baseline 0.001 -22"><span class='ocrx_word' id='word_1_45' title='bbox 342 1986 554 2054; x_wconf 74' lang='lat' dir='ltr'><strong>subtilitatem</strong></span> <span class='ocrx_word' id='word_1_46' title='bbox 577 1985 771 2068; x_wconf 82' lang='lat' dir='ltr'><strong>confugiens,</strong></span> <span class='ocrx_word' id='word_1_47' title='bbox 795 2006 835 2048; x_wconf 93' lang='lat' dir='ltr'><strong>an</strong></span> <span class='ocrx_word' id='word_1_48' title='bbox 863 1986 1024 2050; x_wconf 86' lang='lat' dir='ltr'><strong>eeclesiam</strong></span> <span class='ocrx_word' id='word_1_49' title='bbox 1051 1985 1138 2052; x_wconf 89' lang='lat' dir='ltr'><strong>illam</strong></span> <span class='ocrx_word' id='word_1_50' title='bbox 1162 1999 1295 2075; x_wconf 87' lang='lat' dir='ltr'><strong>peteret,</strong></span> 
     </span>
     <span class='ocr_line' id='line_1_9' title="bbox 343 2090 1297 2179; baseline -0.002 -22"><span class='ocrx_word' id='word_1_51' title='bbox 343 2113 481 2179; x_wconf 86' lang='lat' dir='ltr'><strong>quamve</strong></span> <span class='ocrx_word' id='word_1_52' title='bbox 509 2090 669 2156; x_wconf 78' lang='lat' dir='ltr'><strong>actionem</strong></span> <span class='ocrx_word' id='word_1_53' title='bbox 700 2103 904 2177; x_wconf 83' lang='lat' dir='ltr'><strong>proponeret,</strong></span> <span class='ocrx_word' id='word_1_54' title='bbox 935 2104 991 2154; x_wconf 88' lang='lat' dir='ltr'><strong>aut</strong></span> <span class='ocrx_word' id='word_1_55' title='bbox 1029 2111 1096 2177; x_wconf 88' lang='lat' dir='ltr'><strong>quo</strong></span> <span class='ocrx_word' id='word_1_56' title='bbox 1126 2094 1199 2177; x_wconf 89' lang='lat' dir='ltr'><strong>jure</strong></span> <span class='ocrx_word' id='word_1_57' title='bbox 1237 2091 1297 2157; x_wconf 83' lang='lat' dir='ltr'><strong>sibi</strong></span> 
     </span>
    </p>
   </div>
   <div class='ocr_carea' id='block_1_3' title="bbox 342 2191 1298 2385">
    <p class='ocr_par' dir='ltr' id='par_1_3' title="bbox 342 2191 1298 2385">
     <span class='ocr_line' id='line_1_10' title="bbox 342 2191 1298 2280; baseline 0.001 -22"><span class='ocrx_word' id='word_1_58' title='bbox 342 2194 487 2260; x_wconf 84' lang='lat' dir='ltr'><strong>satisfieri</strong></span> <span class='ocrx_word' id='word_1_59' title='bbox 503 2191 692 2279; x_wconf 87' lang='lat' dir='ltr'><strong>postularet,</strong></span> <span class='ocrx_word' id='word_1_60' title='bbox 710 2192 936 2275; x_wconf 82' lang='lat' dir='ltr'><strong>interrogabat.</strong></span> <span class='ocrx_word' id='word_1_61' title='bbox 982 2196 1085 2257; x_wconf 89' lang='lat' dir='ltr'><strong>Porro</strong></span> <span class='ocrx_word' id='word_1_62' title='bbox 1099 2216 1199 2280; x_wconf 89' lang='lat' dir='ltr'><strong>quum</strong></span> <span class='ocrx_word' id='word_1_63' title='bbox 1216 2194 1298 2259; x_wconf 89' lang='lat' dir='ltr'><strong>veri-</strong></span> 
     </span>
     <span class='ocr_line' id='line_1_11' title="bbox 343 2289 1297 2385; baseline 0.005 -28"><span class='ocrx_word' id='word_1_64' title='bbox 343 2308 440 2357; x_wconf 81' lang='lat' dir='ltr'><strong>tatem</strong></span> <span class='ocrx_word' id='word_1_65' title='bbox 462 2293 535 2357; x_wconf 82' lang='lat' dir='ltr'><strong>sacti</strong></span> <span class='ocrx_word' id='word_1_66' title='bbox 556 2289 742 2376; x_wconf 83' lang='lat' dir='ltr'><strong>diligentius</strong></span> <span class='ocrx_word' id='word_1_67' title='bbox 756 2292 919 2376; x_wconf 77' lang='lat' dir='ltr'><strong>inquirere</strong></span> <span class='ocrx_word' id='word_1_68' title='bbox 935 2307 1141 2374; x_wconf 84' lang='lat' dir='ltr'><strong>tentaremus,</strong></span> <span class='ocrx_word' id='word_1_69' title='bbox 1161 2313 1198 2361; x_wconf 86' lang='lat' dir='ltr'><strong>ut</strong></span> <span class='ocrx_word' id='word_1_70' title='bbox 1217 2298 1297 2385; x_wconf 86' lang='lat' dir='ltr'><strong>quid</strong></span> 
     </span>
    </p>
   </div>
   <div class='ocr_carea' id='block_1_4' title="bbox 218 2391 1299 2486">
    <p class='ocr_par' dir='ltr' id='par_1_4' title="bbox 218 2391 1299 2486">
     <span class='ocr_line' id='line_1_12' title="bbox 218 2391 1299 2486; baseline -0.006 -25"><span class='ocrx_word' id='word_1_71' title='bbox 218 2407 227 2414; x_wconf 90' lang='lat'>&#39;</span> <span class='ocrx_word' id='word_1_72' title='bbox 339 2396 424 2480; x_wconf 87' lang='lat' dir='ltr'><strong>juris</strong></span> <span class='ocrx_word' id='word_1_73' title='bbox 445 2406 526 2457; x_wconf 87' lang='lat' dir='ltr'><strong>esset</strong></span> <span class='ocrx_word' id='word_1_74' title='bbox 547 2391 752 2478; x_wconf 88' lang='lat' dir='ltr'><strong>postmodum</strong></span> <span class='ocrx_word' id='word_1_75' title='bbox 773 2392 913 2456; x_wconf 83' lang='lat' dir='ltr'><strong>lucidius</strong></span> <span class='ocrx_word' id='word_1_76' title='bbox 935 2408 1112 2479; x_wconf 85' lang='lat' dir='ltr'><strong>appareret,</strong></span> <span class='ocrx_word' id='word_1_77' title='bbox 1133 2401 1175 2462; x_wconf 86' lang='lat' dir='ltr'><strong>R.</strong></span> <span class='ocrx_word' id='word_1_78' title='bbox 1192 2400 1299 2486; x_wconf 71' lang='lat' dir='ltr'><strong>appel.</strong></span> 
     </span>
    </p>
   </div>
   <div class='ocr_carea' id='block_1_5' title="bbox 344 2494 1300 2887">
    <p class='ocr_par' dir='ltr' id='par_1_5' title="bbox 344 2494 1300 2887">
     <span class='ocr_line' id='line_1_13' title="bbox 344 2494 1299 2589; baseline 0.007 -28"><span class='ocrx_word' id='word_1_79' title='bbox 344 2498 492 2562; x_wconf 88' lang='lat' dir='ltr'><strong>lationem</strong></span> <span class='ocrx_word' id='word_1_80' title='bbox 510 2496 711 2580; x_wconf 83' lang='lat' dir='ltr'><strong>interposuit,</strong></span> <span class='ocrx_word' id='word_1_81' title='bbox 727 2497 778 2560; x_wconf 89' lang='lat' dir='ltr'><strong>cui</strong></span> <span class='ocrx_word' id='word_1_82' title='bbox 795 2494 920 2561; x_wconf 86' lang='lat' dir='ltr'><strong>deferre</strong></span> <span class='ocrx_word' id='word_1_83' title='bbox 936 2498 1101 2576; x_wconf 87' lang='lat' dir='ltr'><strong>habemus,</strong></span> <span class='ocrx_word' id='word_1_84' title='bbox 1117 2499 1201 2565; x_wconf 89' lang='lat' dir='ltr'><strong>diem</strong></span> <span class='ocrx_word' id='word_1_85' title='bbox 1217 2528 1299 2589; x_wconf 72' lang='lat' dir='ltr'><strong>prar-</strong></span> 
     </span>
     <span class='ocr_line' id='line_1_14' title="bbox 346 2598 1300 2687; baseline 0.007 -25"><span class='ocrx_word' id='word_1_86' title='bbox 346 2600 449 2683; x_wconf 82' lang='lat' dir='ltr'><strong>ligens</strong></span> <span class='ocrx_word' id='word_1_87' title='bbox 466 2598 669 2662; x_wconf 88' lang='lat' dir='ltr'><strong>Dominicam</strong></span> <span class='ocrx_word' id='word_1_88' title='bbox 685 2620 751 2684; x_wconf 90' lang='lat' dir='ltr'><strong>que</strong></span> <span class='ocrx_word' id='word_1_89' title='bbox 764 2598 955 2679; x_wconf 86' lang='lat' dir='ltr'><strong>cantabitur,</strong></span> <span class='ocrx_word' id='word_1_90' title='bbox 968 2601 1070 2669; x_wconf 81' lang='lat' dir='ltr'><strong>Quasi</strong></span> <span class='ocrx_word' id='word_1_91' title='bbox 1083 2606 1175 2667; x_wconf 85' lang='lat' dir='ltr'><strong>modo</strong></span> <span class='ocrx_word' id='word_1_92' title='bbox 1183 2610 1300 2687; x_wconf 70' lang='lat' dir='ltr'><strong>periti,</strong></span> 
     </span>
     <span class='ocr_line' id='line_1_15' title="bbox 346 2699 1299 2790; baseline 0.003 -25"><span class='ocrx_word' id='word_1_93' title='bbox 346 2722 443 2787; x_wconf 83' lang='lat' dir='ltr'><strong>quern</strong></span> <span class='ocrx_word' id='word_1_94' title='bbox 472 2700 642 2765; x_wconf 88' lang='lat' dir='ltr'><strong>terminum</strong></span> <span class='ocrx_word' id='word_1_95' title='bbox 675 2705 717 2765; x_wconf 90' lang='lat' dir='ltr'>W</span> <span class='ocrx_word' id='word_1_96' title='bbox 747 2699 918 2766; x_wconf 86' lang='lat' dir='ltr'><strong>coarctavit</strong></span> <span class='ocrx_word' id='word_1_97' title='bbox 949 2702 989 2765; x_wconf 87' lang='lat' dir='ltr'><strong>ad</strong></span> <span class='ocrx_word' id='word_1_98' title='bbox 1019 2706 1129 2768; x_wconf 83' lang='lat' dir='ltr'><strong>Beatoe</strong></span> <span class='ocrx_word' id='word_1_99' title='bbox 1162 2703 1299 2790; x_wconf 85' lang='lat' dir='ltr'><strong>Virginis</strong></span> 
     </span>
     <span class='ocr_line' id='line_1_16' title="bbox 345 2801 608 2887; baseline -0.008 -21"><span class='ocrx_word' id='word_1_100' title='bbox 345 2801 608 2887; x_wconf 83' lang='lat' dir='ltr'><strong>purificationem.</strong></span> 
     </span>
    </p>
   </div>
   <div class='ocr_carea' id='block_1_6' title="bbox 539 3086 1101 3154">
    <p class='ocr_par' dir='ltr' id='par_1_6' title="bbox 539 3086 1101 3154">
     <span class='ocr_line' id='line_1_17' title="bbox 539 3086 1101 3154; baseline 0 -3"><span class='ocrx_word' id='word_1_101' title='bbox 539 3090 761 3154; x_wconf 83' lang='lat' dir='ltr'>EPISTOLA</span> <span class='ocrx_word' id='word_1_102' title='bbox 786 3086 931 3151; x_wconf 75' lang='lat' dir='ltr'><strong>Vl.—nu</strong></span> <span class='ocrx_word' id='word_1_103' title='bbox 950 3107 1101 3153; x_wconf 82' lang='lat' dir='ltr'><strong>aunosnr.</strong></span> 
     </span>
    </p>
   </div>
   <div class='ocr_carea' id='block_1_7' title="bbox 614 3221 1041 3303">
    <p class='ocr_par' dir='ltr' id='par_1_7' title="bbox 614 3221 1041 3303">
     <span class='ocr_line' id='line_1_18' title="bbox 614 3221 1041 3303; baseline 0.007 -22"><span class='ocrx_word' id='word_1_104' title='bbox 614 3221 755 3282; x_wconf 81' lang='lat' dir='ltr'><strong>Domino</strong></span> <span class='ocrx_word' id='word_1_105' title='bbox 771 3221 921 3283; x_wconf 77' lang='lat' dir='ltr'><strong>Adriano</strong></span> <span class='ocrx_word' id='word_1_106' title='bbox 935 3243 1041 3303; x_wconf 79' lang='lat' dir='ltr'><strong>pape.</strong></span> 
     </span>
    </p>
   </div>
   <div class='ocr_carea' id='block_1_8' title="bbox 344 3347 1302 4863">
    <p class='ocr_par' dir='ltr' id='par_1_8' title="bbox 344 3347 1302 4863">
     <span class='ocr_line' id='line_1_19' title="bbox 391 3347 1298 3440; baseline 0.006 -22"><span class='ocrx_word' id='word_1_107' title='bbox 391 3355 573 3418; x_wconf 69' lang='lat' dir='ltr'>ADVERSUS</span> <span class='ocrx_word' id='word_1_108' title='bbox 596 3347 863 3440; x_wconf 88' lang='lat' dir='ltr'><strong>nobilemvirum</strong></span> <span class='ocrx_word' id='word_1_109' title='bbox 889 3350 1038 3415; x_wconf 85' lang='lat' dir='ltr'><strong>comitem</strong></span> <span class='ocrx_word' id='word_1_110' title='bbox 1062 3356 1238 3440; x_wconf 84' lang='lat' dir='ltr'><strong>Rogcrium</strong></span> <span class='ocrx_word' id='word_1_111' title='bbox 1265 3374 1298 3423; x_wconf 88' lang='lat' dir='ltr'><strong>et</strong></span> 
     </span>
     <span class='ocr_line' id='line_1_20' title="bbox 347 3451 1297 3526; baseline 0.004 -4"><span class='ocrx_word' id='word_1_112' title='bbox 347 3458 522 3523; x_wconf 88' lang='lat' dir='ltr'><strong>Osbertum</strong></span> <span class='ocrx_word' id='word_1_113' title='bbox 549 3451 698 3517; x_wconf 87' lang='lat' dir='ltr'><strong>clericum</strong></span> <span class='ocrx_word' id='word_1_114' title='bbox 730 3472 824 3516; x_wconf 89' lang='lat' dir='ltr'><strong>suum</strong></span> <span class='ocrx_word' id='word_1_115' title='bbox 856 3451 1018 3518; x_wconf 88' lang='lat' dir='ltr'><strong>Erneldus</strong></span> <span class='ocrx_word' id='word_1_116' title='bbox 1048 3453 1088 3520; x_wconf 90' lang='lat' dir='ltr'><strong>de</strong></span> <span class='ocrx_word' id='word_1_117' title='bbox 1118 3456 1237 3522; x_wconf 90' lang='lat' dir='ltr'><strong>Divisis</strong></span> <span class='ocrx_word' id='word_1_118' title='bbox 1266 3463 1297 3526; x_wconf 93' lang='lat' dir='ltr'><strong>in</strong></span> 
     </span>
     <span class='ocr_line' id='line_1_21' title="bbox 344 3555 1299 3645; baseline 0.005 -23"><span class='ocrx_word' id='word_1_119' title='bbox 344 3559 512 3645; x_wconf 77' lang='lat' dir='ltr'><strong>praesentia</strong></span> <span class='ocrx_word' id='word_1_120' title='bbox 538 3571 646 3622; x_wconf 88' lang='lat' dir='ltr'><strong>nostra</strong></span> <span class='ocrx_word' id='word_1_121' title='bbox 672 3555 838 3642; x_wconf 88' lang='lat' dir='ltr'><strong>querelam</strong></span> <span class='ocrx_word' id='word_1_122' title='bbox 870 3556 1030 3640; x_wconf 88' lang='lat' dir='ltr'><strong>deposuit,</strong></span> <span class='ocrx_word' id='word_1_123' title='bbox 1056 3556 1163 3623; x_wconf 86' lang='lat' dir='ltr'><strong>dicens</strong></span> <span class='ocrx_word' id='word_1_124' title='bbox 1193 3559 1253 3626; x_wconf 93' lang='lat' dir='ltr'><strong>sibi</strong></span> <span class='ocrx_word' id='word_1_125' title='bbox 1279 3585 1299 3627; x_wconf 86' lang='lat' dir='ltr'><strong>e</strong></span> 
     </span>
     <span class='ocr_line' id='line_1_22' title="bbox 347 3658 1299 3739; baseline 0.007 -17"><span class='ocrx_word' id='word_1_126' title='bbox 347 3658 471 3737; x_wconf 81' lang='lat' dir='ltr'><strong>comite,</strong></span> <span class='ocrx_word' id='word_1_127' title='bbox 486 3667 524 3722; x_wconf 90' lang='lat' dir='ltr'><strong>ut</strong></span> <span class='ocrx_word' id='word_1_128' title='bbox 546 3659 719 3723; x_wconf 89' lang='lat' dir='ltr'><strong>Osbertum</strong></span> <span class='ocrx_word' id='word_1_129' title='bbox 742 3679 836 3723; x_wconf 88' lang='lat' dir='ltr'><strong>suum</strong></span> <span class='ocrx_word' id='word_1_130' title='bbox 860 3658 1052 3739; x_wconf 87' lang='lat' dir='ltr'><strong>intruderet,</strong></span> <span class='ocrx_word' id='word_1_131' title='bbox 1073 3660 1236 3727; x_wconf 87' lang='lat' dir='ltr'><strong>ecclesiam</strong></span> <span class='ocrx_word' id='word_1_132' title='bbox 1259 3664 1299 3729; x_wconf 91' lang='lat' dir='ltr'><strong>de</strong></span> 
     </span>
     <span class='ocr_line' id='line_1_23' title="bbox 349 3756 1302 3855; baseline 0.01 -32"><span class='ocrx_word' id='word_1_133' title='bbox 349 3762 503 3823; x_wconf 85' lang='lat' dir='ltr'><strong>Hentona</strong></span> <span class='ocrx_word' id='word_1_134' title='bbox 519 3756 671 3820; x_wconf 87' lang='lat' dir='ltr'><strong>violenter</strong></span> <span class='ocrx_word' id='word_1_135' title='bbox 686 3773 717 3822; x_wconf 90' lang='lat' dir='ltr'><strong>et</strong></span> <span class='ocrx_word' id='word_1_136' title='bbox 734 3773 845 3823; x_wconf 89' lang='lat' dir='ltr'><strong>contra</strong></span> <span class='ocrx_word' id='word_1_137' title='bbox 859 3783 985 3826; x_wconf 88' lang='lat' dir='ltr'><strong>ornnem</strong></span> <span class='ocrx_word' id='word_1_138' title='bbox 999 3764 1206 3831; x_wconf 86' lang='lat' dir='ltr'><strong>reverentiam</strong></span> <span class='ocrx_word' id='word_1_139' title='bbox 1217 3769 1302 3855; x_wconf 85' lang='lat' dir='ltr'><strong>juris</strong></span> 
     </span>
     <span class='ocr_line' id='line_1_24' title="bbox 348 3854 1301 3952; baseline 0.01 -29"><span class='ocrx_word' id='word_1_140' title='bbox 348 3879 415 3922; x_wconf 92' lang='lat' dir='ltr'><strong>esse</strong></span> <span class='ocrx_word' id='word_1_141' title='bbox 438 3854 591 3930; x_wconf 89' lang='lat' dir='ltr'><strong>ablatam,</strong></span> <span class='ocrx_word' id='word_1_142' title='bbox 608 3875 704 3939; x_wconf 89' lang='lat' dir='ltr'><strong>quarn</strong></span> <span class='ocrx_word' id='word_1_143' title='bbox 727 3856 888 3933; x_wconf 89' lang='lat' dir='ltr'><strong>canonice,</strong></span> <span class='ocrx_word' id='word_1_144' title='bbox 905 3874 942 3922; x_wconf 92' lang='lat' dir='ltr'><strong>ut</strong></span> <span class='ocrx_word' id='word_1_145' title='bbox 965 3862 1103 3938; x_wconf 90' lang='lat' dir='ltr'><strong>dicebat,</strong></span> <span class='ocrx_word' id='word_1_146' title='bbox 1119 3868 1175 3930; x_wconf 93' lang='lat' dir='ltr'><strong>diu</strong></span> <span class='ocrx_word' id='word_1_147' title='bbox 1197 3890 1301 3952; x_wconf 88' lang='lat' dir='ltr'><strong>posse-</strong></span> 
     </span>
     <span class='ocr_line' id='line_1_25' title="bbox 347 3953 1301 4031; baseline 0.003 -8"><span class='ocrx_word' id='word_1_148' title='bbox 347 3961 438 4024; x_wconf 90' lang='lat' dir='ltr'><strong>derat</strong></span> <span class='ocrx_word' id='word_1_149' title='bbox 469 3959 657 4022; x_wconf 87' lang='lat' dir='ltr'><strong>auctoritate</strong></span> <span class='ocrx_word' id='word_1_150' title='bbox 689 3953 878 4020; x_wconf 87' lang='lat' dir='ltr'><strong>venerabilis</strong></span> <span class='ocrx_word' id='word_1_151' title='bbox 907 3957 1016 4022; x_wconf 77' lang='lat' dir='ltr'><strong>fratris</strong></span> <span class='ocrx_word' id='word_1_152' title='bbox 1044 3964 1143 4026; x_wconf 90' lang='lat' dir='ltr'><strong>nostri</strong></span> <span class='ocrx_word' id='word_1_153' title='bbox 1172 3970 1202 4031; x_wconf 89' lang='lat' dir='ltr'><strong>J.</strong></span> <span class='ocrx_word' id='word_1_154' title='bbox 1232 3969 1301 4030; x_wconf 86' lang='lat' dir='ltr'><strong>Sar.</strong></span> 
     </span>
     <span class='ocr_line' id='line_1_26' title="bbox 347 4057 1300 4151; baseline 0.007 -27"><span class='ocrx_word' id='word_1_155' title='bbox 347 4060 498 4148; x_wconf 88' lang='lat' dir='ltr'><strong>episcopi,</strong></span> <span class='ocrx_word' id='word_1_156' title='bbox 514 4061 607 4145; x_wconf 89' lang='lat' dir='ltr'><strong>cujus</strong></span> <span class='ocrx_word' id='word_1_157' title='bbox 622 4058 778 4134; x_wconf 90' lang='lat' dir='ltr'><strong>chartam,</strong></span> <span class='ocrx_word' id='word_1_158' title='bbox 796 4080 872 4143; x_wconf 88' lang='lat' dir='ltr'><strong>quae</strong></span> <span class='ocrx_word' id='word_1_159' title='bbox 887 4057 1067 4124; x_wconf 88' lang='lat' dir='ltr'><strong>donationis</strong></span> <span class='ocrx_word' id='word_1_160' title='bbox 1083 4065 1153 4151; x_wconf 89' lang='lat' dir='ltr'><strong>ejus</strong></span> <span class='ocrx_word' id='word_1_161' title='bbox 1168 4068 1300 4133; x_wconf 87' lang='lat' dir='ltr'><strong>titulum</strong></span> 
     </span>
     <span class='ocr_line' id='line_1_27' title="bbox 347 4160 1300 4257; baseline -0.002 -30"><span class='ocrx_word' id='word_1_162' title='bbox 347 4162 546 4241; x_wconf 83' lang='lat' dir='ltr'><strong>adstruebat,</strong></span> <span class='ocrx_word' id='word_1_163' title='bbox 576 4161 607 4225; x_wconf 90' lang='lat' dir='ltr'><strong>in</strong></span> <span class='ocrx_word' id='word_1_164' title='bbox 639 4160 780 4224; x_wconf 88' lang='lat' dir='ltr'><strong>medium</strong></span> <span class='ocrx_word' id='word_1_165' title='bbox 812 4161 1008 4244; x_wconf 78' lang='lat' dir='ltr'><strong>proferebat:</strong></span> <span class='ocrx_word' id='word_1_166' title='bbox 1040 4179 1073 4230; x_wconf 89' lang='lat' dir='ltr'><strong>et</strong></span> <span class='ocrx_word' id='word_1_167' title='bbox 1110 4179 1146 4231; x_wconf 89' lang='lat' dir='ltr'><strong>ut</strong></span> <span class='ocrx_word' id='word_1_168' title='bbox 1180 4192 1300 4257; x_wconf 72' lang='lat' dir='ltr'><strong>posses.</strong></span> 
     </span>
     <span class='ocr_line' id='line_1_28' title="bbox 347 4263 1299 4353; baseline 0.009 -23"><span class='ocrx_word' id='word_1_169' title='bbox 347 4268 466 4331; x_wconf 88' lang='lat' dir='ltr'><strong>sionem</strong></span> <span class='ocrx_word' id='word_1_170' title='bbox 500 4284 591 4327; x_wconf 81' lang='lat' dir='ltr'><strong>suam</strong></span> <span class='ocrx_word' id='word_1_171' title='bbox 621 4263 708 4327; x_wconf 88' lang='lat' dir='ltr'><strong>omni</strong></span> <span class='ocrx_word' id='word_1_172' title='bbox 739 4263 937 4326; x_wconf 82' lang='lat' dir='ltr'><strong>solemnitate</strong></span> <span class='ocrx_word' id='word_1_173' title='bbox 962 4265 1047 4353; x_wconf 89' lang='lat' dir='ltr'><strong>juris</strong></span> <span class='ocrx_word' id='word_1_174' title='bbox 1076 4270 1204 4337; x_wconf 92' lang='lat' dir='ltr'><strong>doceret</strong></span> <span class='ocrx_word' id='word_1_175' title='bbox 1234 4298 1299 4339; x_wconf 88' lang='lat' dir='ltr'><strong>esse</strong></span> 
     </span>
     <span class='ocr_line' id='line_1_29' title="bbox 347 4365 1299 4457; baseline 0.008 -24"><span class='ocrx_word' id='word_1_176' title='bbox 347 4368 529 4442; x_wconf 87' lang='lat' dir='ltr'><strong>subnixam,</strong></span> <span class='ocrx_word' id='word_1_177' title='bbox 547 4366 747 4430; x_wconf 85' lang='lat' dir='ltr'><strong>concessione</strong></span> <span class='ocrx_word' id='word_1_178' title='bbox 762 4365 931 4451; x_wconf 88' lang='lat' dir='ltr'><strong>cujusdam</strong></span> <span class='ocrx_word' id='word_1_179' title='bbox 953 4367 1072 4447; x_wconf 88' lang='lat' dir='ltr'><strong>militis,</strong></span> <span class='ocrx_word' id='word_1_180' title='bbox 1089 4395 1186 4457; x_wconf 91' lang='lat' dir='ltr'><strong>quem</strong></span> <span class='ocrx_word' id='word_1_181' title='bbox 1202 4379 1299 4441; x_wconf 90' lang='lat' dir='ltr'><strong>ecclc-</strong></span> 
     </span>
     <span class='ocr_line' id='line_1_30' title="bbox 347 4467 1299 4547; baseline 0.011 -14"><span class='ocrx_word' id='word_1_182' title='bbox 347 4475 401 4535; x_wconf 86' lang='lat' dir='ltr'><strong>siae</strong></span> <span class='ocrx_word' id='word_1_183' title='bbox 417 4469 604 4534; x_wconf 84' lang='lat' dir='ltr'><strong>advocatum</strong></span> <span class='ocrx_word' id='word_1_184' title='bbox 621 4489 688 4532; x_wconf 90' lang='lat' dir='ltr'><strong>esse</strong></span> <span class='ocrx_word' id='word_1_185' title='bbox 706 4467 845 4547; x_wconf 91' lang='lat' dir='ltr'><strong>dicebat,</strong></span> <span class='ocrx_word' id='word_1_186' title='bbox 860 4491 892 4531; x_wconf 90' lang='lat' dir='ltr'><strong>se</strong></span> <span class='ocrx_word' id='word_1_187' title='bbox 912 4469 1042 4535; x_wconf 88' lang='lat' dir='ltr'><strong>eandem</strong></span> <span class='ocrx_word' id='word_1_188' title='bbox 1067 4473 1241 4542; x_wconf 88' lang='lat' dir='ltr'><strong>obtinuisse</strong></span> <span class='ocrx_word' id='word_1_189' title='bbox 1257 4482 1299 4543; x_wconf 88' lang='lat' dir='ltr'><strong>ab</strong></span> 
     </span>
     <span class='ocr_line' id='line_1_31' title="bbox 346 4568 1296 4657; baseline 0.012 -23"><span class='ocrx_word' id='word_1_190' title='bbox 346 4573 494 4657; x_wconf 85' lang='lat' dir='ltr'><strong>episcopo</strong></span> <span class='ocrx_word' id='word_1_191' title='bbox 509 4571 681 4647; x_wconf 87' lang='lat' dir='ltr'><strong>asserebat,</strong></span> <span class='ocrx_word' id='word_1_192' title='bbox 697 4584 728 4634; x_wconf 91' lang='lat' dir='ltr'><strong>et</strong></span> <span class='ocrx_word' id='word_1_193' title='bbox 744 4568 785 4632; x_wconf 92' lang='lat' dir='ltr'><strong>ob</strong></span> <span class='ocrx_word' id='word_1_194' title='bbox 802 4570 861 4632; x_wconf 88' lang='lat' dir='ltr'><strong>hoc</strong></span> <span class='ocrx_word' id='word_1_195' title='bbox 877 4568 937 4633; x_wconf 91' lang='lat' dir='ltr'><strong>sibi</strong></span> <span class='ocrx_word' id='word_1_196' title='bbox 953 4573 1093 4639; x_wconf 87' lang='lat' dir='ltr'><strong>ecclcsiae</strong></span> <span class='ocrx_word' id='word_1_197' title='bbox 1108 4592 1139 4642; x_wconf 90' lang='lat' dir='ltr'><strong>et</strong></span> <span class='ocrx_word' id='word_1_198' title='bbox 1155 4581 1296 4645; x_wconf 80' lang='lat' dir='ltr'><strong>oninium</strong></span> 
     </span>
     <span class='ocr_line' id='line_1_32' title="bbox 347 4669 1296 4755; baseline 0.012 -18"><span class='ocrx_word' id='word_1_199' title='bbox 347 4675 524 4737; x_wconf 86' lang='lat' dir='ltr'><strong>ablatorum</strong></span> <span class='ocrx_word' id='word_1_200' title='bbox 552 4671 783 4736; x_wconf 90' lang='lat' dir='ltr'><strong>restitutionem</strong></span> <span class='ocrx_word' id='word_1_201' title='bbox 811 4669 879 4733; x_wconf 80' lang='lat' dir='ltr'><strong>fieri</strong></span> <span class='ocrx_word' id='word_1_202' title='bbox 910 4677 1101 4755; x_wconf 89' lang='lat' dir='ltr'><strong>postulabat.</strong></span> <span class='ocrx_word' id='word_1_203' title='bbox 1150 4683 1296 4748; x_wconf 83' lang='lat' dir='ltr'><strong>Tandem</strong></span> 
     </span>
     <span class='ocr_line' id='line_1_33' title="bbox 347 4771 1296 4863; baseline 0.009 -25"><span class='ocrx_word' id='word_1_204' title='bbox 347 4790 415 4859; x_wconf 87' lang='lat' dir='ltr'><strong>post</strong></span> <span class='ocrx_word' id='word_1_205' title='bbox 442 4774 558 4836; x_wconf 84' lang='lat' dir='ltr'><strong>multas</strong></span> <span class='ocrx_word' id='word_1_206' title='bbox 585 4771 748 4837; x_wconf 84' lang='lat' dir='ltr'><strong>citationes</strong></span> <span class='ocrx_word' id='word_1_207' title='bbox 775 4786 806 4835; x_wconf 89' lang='lat' dir='ltr'><strong>et</strong></span> <span class='ocrx_word' id='word_1_208' title='bbox 830 4774 1103 4854; x_wconf 85' lang='lat' dir='ltr'><strong>comminationes,</strong></span> <span class='ocrx_word' id='word_1_209' title='bbox 1129 4810 1145 4846; x_wconf 81' lang='lat' dir='ltr'><strong>a</strong></span> <span class='ocrx_word' id='word_1_210' title='bbox 1171 4785 1296 4863; x_wconf 86' lang='lat' dir='ltr'><strong>comite,</strong></span> 
     </span>
    </p>
   </div>
   <div class='ocr_carea' id='block_1_9' title="bbox 0 0 1654 6434">
    <p class='ocr_par' dir='ltr' id='par_1_9' title="bbox 0 0 1654 6434">
     <span class='ocr_line' id='line_1_34' title="bbox 0 0 1654 6434; baseline 0 0"><span class='ocrx_word' id='word_1_211' title='bbox 0 0 1654 6434; x_wconf 95' lang='lat' dir='ltr'><strong> </strong></span> 
     </span>
    </p>
   </div>
  </div>
 </body>
</html>
