3300 6434
348 1227 408 1288 122
594 1234 731 1281 suanum
746 1232 1025 1278 saansaamausrs
1195 1213 1242 1292 [a.
1259 1232 1289 1275 o.

342 1411 441 1476 quum
455 1410 527 1475 pars
542 1387 675 1450 adversa
686 1382 875 1448 sufficienter
886 1384 1040 1447 instructa
1052 1380 1186 1446 testibus
1198 1402 1286 1445 suam

340 1492 435 1557 vellet
443 1490 578 1555 fundare
590 1484 804 1560 intentionem,
812 1485 923 1551 territa
930 1499 1017 1549 metu
1029 1482 1288 1571 vano‚etimpru·

342 1592 430 1659 denti
440 1592 572 1658 seducta
583 1588 726 1665 consilio,
735 1586 948 1672 appellatione
960 1600 1105 1651 nostrum
1120 1586 1288 1651 declinavit

341 1717 483 1763 examen.
517 1694 584 1757 Nos
598 1705 704 1755 autem
722 1689 788 1753 sedi
803 1689 984 1774 apostolicae
1000 1703 1036 1753 ut
1047 1689 1189 1773 oportuit
1202 1689 1289 1753 defe-

340 1809 456 1870 rentes,
471 1793 629 1877 nosipsos
645 1790 761 1857 exinde
776 1814 795 1853 a
809 1790 965 1855 decisione
980 1805 1012 1855 et
1032 1791 1210 1874 cognitione
1225 1815 1291 1857 sus

342 1895 519 1984 pendimus,
535 1895 634 1958 donec
650 1918 668 1957 a
683 1893 756 1957 sede
776 1906 881 1956 vestra
898 1915 1002 1957 causae
1022 1893 1119 1979 hujus
1132 1893 1289 1980 judicium

342 2000 488 2087 prodeat,
511 2011 567 2063 aut
584 1994 753 2081 judicandi
775 1995 947 2060 auctoritas
964 1996 1017 2059 cui
1038 1998 1194 2080 placuerit
1209 1996 1293 2059 dele-

342 2115 447 2187 getur.
491 2100 625 2165 Interim
641 2099 681 2163 de
697 2097 801 2162 medio
817 2097 964 2161 sublatus
983 2110 1030 2162 est
1053 2097 1115 2181 piae
1134 2098 1292 2161 memoriae

343 2205 487 2271 decessor
509 2216 611 2267 vester
633 2200 780 2265 dominus
807 2198 977 2278 Adrianus,
1001 2213 1033 2264 et
1055 2199 1132 2263 dum
1155 2199 1293 2265 salvator

343 2308 485 2373 fidelium
508 2304 657 2389 precibus
686 2302 855 2376 excitetur,
878 2300 1087 2366 invalescente
1116 2302 1293 2368 schismatis

344 2408 484 2484 turbine,
500 2421 532 2470 et
547 2418 727 2490 emergente
738 2404 898 2469 collisione
910 2424 1092 2488 regnorum,
1103 2427 1192 2469 suam
1204 2408 1293 2469 Deus

343 2508 488 2594 permisit
512 2506 635 2571 turbari
652 2505 826 2581 ecclesiam,
842 2515 875 2569 et
895 2504 983 2568 velut
996 2504 1161 2591 interjecto
1183 2507 1294 2570 infide-

344 2611 423 2677 lium
438 2610 537 2685 0bice,
560 2631 655 2695 quem
673 2612 763 2673 Deus
784 2608 930 2694 dissipet,
946 2608 1041 2672 chaos
1055 2608 1292 2694 quodammodo

345 2712 428 2777 inter
443 2735 498 2775 vos
512 2725 544 2776 et
561 2734 617 2774 nos
632 2713 791 2776 firmatum
808 2725 867 2790 est,
884 2722 920 2775 ut
935 2710 1002 2775 siue
1022 2732 1137 2795 magno
1153 2710 1293 2795 periculo

345 2838 407 2880 non
422 2828 528 2902 posset
544 2815 616 2900 quis
631 2814 671 2879 ab
686 2813 756 2879 aliis
769 2814 810 2878 ad
820 2813 898 2879 alios
913 2813 1112 2900 pertransire.
1137 2812 1293 2898 Elapsum

346 2931 393 2981 est
408 2940 485 3002 ergo
501 2930 638 3002 tempus,
652 2940 718 3003 quo
732 2916 978 3002 appellationem
993 2938 1082 2979 auaui
1093 2939 1132 2980 ex
1142 2916 1295 3001 promisso

345 3019 496 3104 prosequi
526 3018 681 3083 debuerat
703 3017 894 3104 appellator:
921 3019 974 3083 lta
995 3018 1138 3104 quidem,
1171 3031 1294 3082 uttam

347 3130 435 3184 actor
457 3142 553 3204 quam
576 3142 649 3184 reus
670 3120 711 3184 ab
733 3119 918 3184 executione
939 3143 1043 3184 caursu.²
1062 3121 1210 3187 videatur
1231 3142 1297 3183 om-

347 3221 423 3284 nino
434 3220 604 3298 destitisse,
616 3221 731 3287 deinde
740 3222 806 3287 fere
820 3222 903 3286 circa
914 3222 1075 3307 sequentis
1085 3225 1158 3286 anni
1170 3221 1295 3286 initium

340 3322 515 3409 jamdictus
535 3321 682 3407 Rogatus
701 3322 742 3386 ad
763 3345 821 3388 nos
843 3344 916 3387 cnm
939 3322 1055 3387 litteris
1077 3320 1197 3386 domini
1214 3324 1296 3408 regis

345 3424 509 3500 accedens,
532 3423 737 3510 appellationi
761 3447 856 3512 quam
879 3427 1007 3499 fecerat,
1037 3425 1241 3501 renuntiavit,
1264 3440 1296 3491 et

348 3548 406 3612 pro
421 3532 597 3594 reverentia
617 3528 695 3614 regii
713 3529 854 3595 mandati
876 3530 970 3616 petiit
989 3528 1048 3593 sibi
1067 3527 1225 3614 justitiam
1244 3552 1299 3591 ex·

347 3623 460 3689 hiberi.
508 3622 620 3711 ltaque
643 3626 770 3690 demum
787 3641 859 3713 post
876 3649 970 3690 unam
986 3640 1018 3691 et
1041 3626 1170 3690 alteram
1192 3628 1300 3713 appel-

349 3723 497 3788 lationem
510 3728 603 3791 tertio
615 3729 720 3793 edicto
731 3729 945 3815 peremptorio
956 3730 1054 3793 citata
1066 3741 1114 3793 est
1130 3730 1300 3806 abbatissa,

349 3847 424 3910 quae
440 3826 540 3890 missis
554 3829 814 3914 procuratoribus
827 3852 916 3893 suam
933 3846 1046 3895 conata
1060 3843 1108 3895 est
1124 3832 1298 3897 absentiam

349 3948 517 3992 excusare:
544 3929 770 3995 insufficientes
792 3944 896 3994 tamen
920 3953 1039 4007 causas,
1059 3946 1097 3997 ut
1122 3934 1301 4015 videbatur,

351 4035 561 4113 praetendens,
581 4030 666 4095 unde
681 4030 757 4117 quia
777 4030 950 4117 prohibita,
966 4031 1148 4095 dilationem
1167 4033 1301 4098 ulterius

350 4130 491 4194 obtinere
513 4155 574 4196 non
597 4129 715 4217 potuit,
738 4131 779 4195 ad
804 4145 942 4195 vestram
968 4131 1164 4196 audientiam
1190 4132 1301 4219 appel·
1388 4177 1393 4187 ·

350 4230 438 4308 lavit,
465 4232 547 4295 diem
578 4232 745 4318 praefigens
772 4232 985 4310 Dominicam,
1010 4254 1076 4318 qua
1105 4234 1299 4309 cantabitur,

352 4334 454 4402 Quasi
475 4336 563 4396 modo
581 4335 696 4417 pertiti,
718 4334 827 4399 dicens
849 4357 881 4398 se
907 4333 947 4397 ab
973 4333 1151 4398 adversario
1177 4334 1300 4401 diutins

351 4432 467 4518 injuste
491 4447 650 4511 vexatam,
681 4450 712 4499 et
740 4436 767 4499 ei
795 4435 873 4501 nibil
896 4436 980 4522 juris
1009 4449 1187 4522 competere
1210 4439 1241 4501 in
1265 4441 1303 4503 iis

351 4558 424 4618 quae
441 4536 630 4600 moliebatur
645 4559 701 4622 per
719 4536 907 4601 calumniam
931 4553 1121 4624 extorquere
1141 4554 1173 4605 et
1196 4563 1228 4603 sc
1249 4541 1303 4604 ad-

352 4659 461 4703 versus
469 4659 541 4701 eum
553 4637 727 4721 longissimi
742 4639 892 4725 temporis
902 4641 1140 4726 praescriptione
1152 4642 1301 4708 innixam.
