3300 6434
348 1248 519 1327 list-8]
726 1262 906 1309 saissonis.

515 1539 734 1602 EPISTOLA
763 1540 951 1601 >llll-so
967 1556 1120 1602 sunnam.

683 1673 829 1736 Adriano
839 1695 948 1756 papa.

389 1808 564 1873 Lirenates
578 1803 754 1868 sanctitatis
764 1805 995 1869 vestraedebita
1009 1828 1081 1868 cum
1096 1806 1295 1869 veneratione

344 1909 551 1993 suscepimus,
581 1906 700 1992 quibus
726 1906 952 1971 continebatur
989 1920 1025 1970 ut
1064 1920 1127 1970 tam
1166 1907 1295 1970 domino

346 2008 560 2074 londoniensi
582 2030 679 2093 quam
701 2010 845 2092 capitulo
867 2007 1010 2091 ejusdem
1035 2006 1187 2083 ecclesiae,
1203 2009 1294 2072 item·

345 2135 407 2198 que
439 2110 582 2176 Waltero
612 2108 775 2173 sacerdote
805 2122 880 2172 ante
918 2121 1059 2172 nostram
1083 2110 1295 2192 praesentiam,

344 2214 492 2290 evocatis,
522 2211 767 2275 controversiam
797 2232 873 2294 quae
902 2209 986 2274 inter
1016 2232 1072 2273 eos
1102 2212 1294 2277 vertebatur.

344 2314 556 2401 appellatione
594 2326 714 2376 remota
751 2311 812 2373 fine
854 2311 1005 2374 canonico
1044 2313 1296 2377 terminaremus.

345 2415 497 2483 Partibus
511 2417 620 2500 itaque
634 2438 652 2477 e
667 2414 796 2499 regione
810 2410 1005 2493 constitutis,
1014 2437 1116 2500 quum
1133 2416 1297 2481 Walterus

346 2532 536 2604 proponeret
552 2516 633 2581 duos
648 2515 688 2579 de
704 2515 874 2602 praecipuis
889 2514 976 2579 illius
991 2517 1131 2580 ecclesiae
1147 2518 1233 2596 viris,
1251 2520 1295 2582 H.

344 2620 613 2698 archidiaconum,
628 2632 660 2683 et
685 2618 880 2704 Magistrum
904 2617 1100 2696 Albericum,
1122 2620 1233 2684 ambos
1254 2645 1294 2685 ex

347 2738 437 2811 parte
452 2722 585 2808 capituli
608 2721 668 2784 sibi
688 2720 905 2796 denuntiasse,
921 2719 1057 2783 alterum
1073 2734 1193 2800 autem,
1210 2723 1297 2786 vide-

347 2826 420 2890 licet
437 2824 622 2909 magistrum
641 2828 690 2903 A,
703 2846 745 2887 ex
769 2833 860 2909 parte
882 2823 1022 2908 episcopi
1042 2824 1102 2887 sibi
1117 2823 1245 2903 dixisse,
1262 2839 1298 2891 ut

344 2930 379 2992 in
410 2926 605 2990 sacerdotem
636 2923 851 3000 ordinaretur,
877 2923 991 2987 altario
1020 2928 1060 2989 B.
1091 2924 1184 2989 Pauli
1214 2926 1297 2992 sicut

348 3051 431 3093 unus
459 3050 499 3091 ex
529 3027 599 3090 aliis
627 3026 877 3105 ministraturus,
907 3048 970 3089 noa
1006 3025 1109 3090 solum
1148 3026 1297 3093 dominus

347 3128 575 3195 londoniensis
600 3149 709 3191 verum
733 3141 765 3192 et
792 3128 975 3191 universum
1000 3127 1177 3214 capitulum
1205 3154 1238 3193 se
1264 3132 1297 3195 id

347 3232 512 3297 mandasse
541 3243 722 3325 constanter
751 3242 825 3294 sunt
856 3230 1000 3294 inficiati.
1060 3233 1137 3294 Duo
1167 3255 1298 3319 quoque

348 3332 511 3399 memorati
528 3332 587 3398 viri
603 3356 660 3418 pro
675 3356 708 3396 se
724 3332 950 3418 respondentes
965 3331 1050 3396 idem
1067 3331 1298 3411 diffitebantur,

348 3438 484 3501 fatentes
500 3450 604 3500 tamen
627 3434 715 3520 quod
731 3457 771 3497 ex
794 3435 926 3520 proprio
947 3448 1036 3498 motu
1058 3434 1153 3497 animi
1178 3435 1299 3518 Magis-

348 3554 433 3603 trum
451 3536 635 3602 Walterum
660 3551 812 3621 tanquam
828 3536 965 3598 amicum
984 3556 1080 3619 super
1101 3533 1299 3601 ordinatione

348 3640 563 3713 convenerint,
575 3636 852 3721 interrogaverint,
869 3634 1097 3712 consuluerint,
1115 3648 1151 3701 ut
1163 3636 1203 3700 ad
1215 3639 1302 3704 ordi-

349 3761 421 3804 nem
449 3739 691 3824 presbyteratus
716 3735 891 3814 accederet,
916 3735 1059 3801 dicentes
1088 3738 1148 3801 hoc
1178 3743 1301 3825 placere

349 3840 507 3928 capitulo:
535 3838 612 3902 nihil
635 3852 741 3902 tamen
767 3837 901 3903 istorum
925 3860 966 3902 ex
992 3851 1083 3925 parte
1109 3839 1241 3926 capituli
1268 3866 1301 3908 ee

349 3944 478 4020 dixisse,
508 3956 564 4006 aut
594 3939 717 4026 aliquid
748 3940 929 4026 promisisse
958 3940 1130 4007 asserebat.
1175 3944 1300 4010 Deinde

349 4069 450 4133 quum
474 4044 642 4131 superbis
667 4043 833 4108 consilium
861 4043 1060 4120 haberemus,
1088 4042 1301 4112 assidentibus

350 4149 440 4215 nobis
456 4146 689 4212 venerabilibus
704 4145 860 4210 fratribus
881 4147 998 4211 nostris
1013 4147 1157 4212 Roberto
1177 4148 1300 4213 Lincol.

350 4249 511 4316 Willelmo
535 4247 673 4312 Noruic.
698 4249 802 4312 Hilar.
827 4246 960 4312 Cicestr.
984 4249 1151 4335 episcopis,
1175 4250 1303 4314 londo·

351 4353 488 4415 niensem
513 4350 712 4436 episcopum,
735 4350 869 4433 ejusque
891 4362 1083 4414 conventum
1108 4372 1126 4412 a
1149 4351 1302 4435 petitione

352 4453 454 4516 Walt.
484 4450 690 4527 absolvimus,
720 4472 757 4511 eo
792 4449 880 4532 quod
919 4449 1073 4513 adversus
1109 4473 1162 4514 eos
1199 4453 1302 4519 nullas

351 4553 476 4617 afferret
500 4550 711 4639 probationes.
757 4552 857 4614 Porro
879 4551 1030 4637 quoniam
1050 4550 1116 4614 duo
1139 4552 1197 4617 viri
1221 4578 1302 4640 prae.

352 4653 504 4719 nominati
519 4675 559 4717 ex
575 4652 769 4717 confessione
792 4673 850 4715 sua
870 4675 1075 4740 quacumque
1097 4652 1303 4740 aliquomodo

352 4756 451 4823 teneri
489 4754 690 4835 videbantur,
719 4756 759 4819 ad
797 4754 1029 4821 emendicatum
1067 4780 1125 4843 pro
1162 4782 1303 4846 paupere

353 4860 556 4924 decurrentes
577 4858 777 4944 sull'ragium,
799 4872 1030 4925 sacramentum
1049 4860 1094 4923 eis
1116 4859 1301 4942 detulimus,
