3300 6434
447 1249 510 1309 286
709 1256 846 1303 sossius
861 1254 1139 1302 meneuwensis
1303 1243 1350 1317 [a
1366 1257 1399 1301 n.

448 1412 667 1479 Christianum
682 1430 746 1473 non
769 1408 845 1471 sinit
863 1408 1009 1489 obligari,
1022 1420 1058 1471 ut
1072 1408 1198 1472 scilicet
1212 1409 1329 1474 amodo
1348 1412 1401 1473 his

449 1536 530 1598 quos
555 1511 661 1574 odisse
688 1507 874 1580 decreverit,
898 1509 1089 1571 subtrahatis
1116 1507 1232 1573 debitae
1259 1512 1399 1575 caritatis

447 1615 563 1694 officia,
575 1626 608 1677 et
619 1612 818 1695 impugnetis
834 1632 955 1689 omnes,
967 1612 1079 1674 saltem
1091 1632 1153 1695 ope
1169 1614 1307 1690 consilii,
1318 1634 1401 1697 quos

449 1739 525 1781 suos
544 1714 662 1779 dixerit
683 1712 852 1775 inimicos:
882 1722 915 1775 et
929 1713 957 1775 si
980 1713 1073 1775 aliter
1096 1728 1225 1795 urgente
1248 1716 1401 1796 religione

450 1818 528 1883 fidei
553 1815 743 1880 Christianae
768 1813 886 1875 versati
911 1813 1032 1875 fueritis
1056 1834 1130 1876 cum
1156 1837 1205 1890 eo,
1230 1836 1297 1892 ros,
1317 1816 1403 1878 sicut

450 1930 571 1982 veteres
593 1916 726 1991 amicos,
741 1915 835 1977 beate
858 1916 1035 1990 consuerit,
1049 1925 1156 1978 notam
1181 1937 1246 1978 non
1270 1928 1402 1979 servata

450 2018 614 2085 fidelitatis
625 2016 657 2078 in
668 2016 798 2078 auribus
809 2015 975 2078 nationum
987 2017 1123 2080 tentabit
1135 2017 1277 2081 inurere:
1301 2040 1321 2081 a
1336 2020 1403 2081 suis

450 2140 580 2206 qnoque
593 2116 725 2181 locustis
739 2115 992 2179 conclamabitur
1011 2116 1069 2191 illi,
1085 2130 1117 2180 et
1138 2139 1230 2182 ranas
1251 2121 1285 2183 in
1308 2142 1404 2183 coeno

451 2224 546 2295 foret,
563 2240 634 2304 quar
650 2218 743 2280 flatus
765 2217 815 2280 sui
837 2238 915 2301 pure
938 2217 1065 2300 impuro
1083 2240 1208 2282 omnem
1227 2221 1405 2286 incrustent

452 2322 676 2397 sinceritatem,
707 2329 740 2382 et
771 2318 1025 2402 juramentorum
1064 2320 1192 2384 fallacia
1229 2324 1406 2407 quemlibet

452 2426 577 2507 nigrum
592 2422 626 2483 in
646 2419 786 2484 candida
799 2432 931 2483 vertant
975 2421 1058 2485 Haec
1081 2433 1157 2484 sunt
1179 2426 1322 2489 membra
1337 2447 1406 2489 car·

451 2527 540 2588 nium
556 2523 750 2587 coherentia
764 2522 838 2598 sibi,
853 2522 908 2585 ubi
925 2544 1092 2606 squamma
1113 2523 1255 2589 adhaeret
1276 2549 1402 2612 squam·
1492 2607 1496 2616 Ι

453 2649 526 2701 mm,
541 2635 577 2688 nt
591 2646 630 2686 ne
647 2624 775 2707 spiritus
790 2622 918 2706 quidem
934 2624 1062 2687 incedat
1076 2647 1134 2708 per
1152 2649 1218 2703 eas,
1234 2629 1290 2692 sed
1313 2630 1407 2694 liceat

454 2728 501 2793 eis
516 2726 603 2812 quod
618 2725 775 2787 voluerint
788 2724 922 2807 opinari,
937 2737 970 2787 et
985 2736 1021 2788 ut
1039 2727 1093 2810 qui
1108 2728 1141 2790 in
1156 2729 1303 2793 sordibus
1318 2743 1405 2804 sunt,

455 2828 641 2892 sordescant
662 2824 812 2908 amplius,
827 2824 1058 2907 impudicitiam
1081 2831 1197 2892 mentis
1217 2829 1407 2894 scurrilitate

456 2939 602 3013 gestuum
618 2939 651 2991 et
665 2927 729 2989 oris
743 2926 940 3010 turpiloquio
955 2939 1195 3011 praetextentur,
1207 2934 1282 3015 quia
1296 2932 1407 2996 Chris·

456 3032 543 3095 tiano
567 3028 685 3093 nedum
712 3027 870 3091 sacerdoti
900 3029 945 3091 nil
970 3030 1092 3093 licitum
1120 3042 1179 3109 est,
1206 3056 1249 3096 ex
1274 3035 1407 3097 obtentu

457 3132 630 3207 fidelitatis,
645 3130 700 3192 ubi
716 3129 832 3192 caritas
853 3130 1059 3212 periclitetur,
1073 3154 1145 3215 quae
1165 3134 1229 3198 vita
1250 3135 1326 3199 fidei
1348 3152 1407 3215 est,

456 3247 490 3298 et
514 3253 648 3316 operum
673 3231 852 3293 testimonio
881 3229 1068 3296 declaratur.
1123 3236 1207 3299 Nam
1233 3237 1314 3300 fides
1339 3238 1408 3301 sine

456 3332 606 3419 operibus
620 3343 745 3396 mortua
759 3342 815 3393 est.
860 3333 923 3395 llla
944 3345 1050 3397 tamen
1066 3338 1243 3420 expressio,
1259 3361 1324 3423 qua
1345 3340 1408 3404 sibi

457 3448 490 3499 et
506 3435 687 3500 haeredibus
701 3432 766 3495 suis
781 3445 892 3496 contra
907 3456 1018 3498 omnes
1039 3440 1189 3502 mortales
1211 3437 1317 3504 caveri
1333 3442 1410 3517 vult,

459 3539 569 3624 quanti
592 3537 634 3600 sit
655 3534 742 3619 apud
764 3556 849 3614 eum,
870 3556 913 3599 ex
936 3536 1049 3601 litteris
1073 3539 1245 3605 Teutonici
1271 3544 1409 3625 tyranni,

458 3660 540 3724 quas
554 3639 641 3702 misit
654 3636 696 3700 ad
712 3638 862 3700 comitem
877 3638 1056 3702 Henricnm
1068 3650 1101 3703 et
1115 3662 1196 3724 quas
1209 3645 1299 3707 vobis
1310 3656 1410 3708 trans·

459 3738 627 3812 misissem,
638 3736 699 3799 nisi
714 3738 789 3819 quia
803 3737 883 3800 mihi
897 3739 1014 3820 elapsa·
1030 3752 1115 3820 sunt,
1126 3740 1257 3807 domino
1270 3745 1411 3808 Cantua·

459 3837 555 3900 riensi
566 3837 768 3913 transmissae,
779 3839 984 3921 perspicuum
1000 3854 1056 3904 est.
1094 3843 1179 3906 Nam
1195 3867 1294 3929 quum
1310 3845 1333 3906 J
1335 3867 1412 3909 oan-

459 3958 518 4000 nes
539 3935 579 3998 de
603 3936 797 3998 Oxenet'ord.
812 3938 943 4001 nomine
964 3942 1051 4021 regis
1072 3942 1254 4007 Teutonico
1275 3959 1411 4027 tyranno

460 4038 682 4123 conjuraturus
697 4048 792 4112 esset,
807 4050 840 4101 et
854 4060 947 4121 opem
969 4043 1083 4106 auxilii
1105 4055 1139 4107 et
1156 4045 1282 4108 consilii
1307 4067 1414 4110 sacra·

460 4151 569 4205 mento
594 4139 791 4223 promitteret
816 4150 928 4204 contra
953 4164 1066 4207 omnes
1090 4145 1245 4224 homines,
1272 4160 1414 4230 excepto

460 4245 530 4306 solo
549 4262 622 4322 rege
639 4240 844 4316 Francorum,
860 4242 905 4304 ait
918 4241 1118 4309 Teutonicus
1139 4267 1198 4330 per
1211 4248 1414 4330 interpretem

460 4365 565 4418 suum,
582 4341 666 4404 sicut
689 4353 880 4405 attestantur
903 4345 1024 4425 magni,
1043 4357 1076 4409 at
1098 4347 1203 4424 multi,
1219 4359 1252 4411 et
1273 4348 1415 4430 religiosi

460 4454 628 4515 nostrates,
641 4440 681 4503 de
692 4443 856 4524 provincia
869 4442 943 4505 dico
955 4445 1181 4531 Remensiqui
1192 4449 1415 4513 interfuerunt:

461 4544 642 4610 Rollandus
666 4543 767 4606 hostis
782 4545 930 4607 ecclesioe
953 4556 985 4608 et
1008 4546 1147 4629 imperii,
1163 4550 1261 4613 homo
1285 4550 1417 4632 quidem

461 4655 510 4708 est
524 4645 676 4721 mortalis,
691 4658 723 4707 et
738 4665 851 4708 omnes
866 4647 1044 4711 cardinales
1059 4650 1120 4721 sni,
1137 4662 1170 4713 et
1183 4649 1292 4715 nullus
1306 4673 1416 4716 eorum

462 4767 517 4808 rex
541 4748 734 4810 Francorum
752 4757 818 4809 est:
857 4747 945 4811 unde
970 4749 1093 4813 nullum
1110 4774 1218 4816 eorum
1243 4764 1417 4835 exceptum

463 4842 604 4924 intelligo
621 4866 680 4908 nec
697 4847 768 4907 volo
783 4846 919 4928 intelligi
935 4849 966 4911 in
992 4850 1053 4913 hac
1070 4850 1329 4917 confederatione
1354 4854 1418 4916 mei
