3300 6434
371 1212 407 1269 16
625 1225 758 1269 Jorunrs
774 1227 1050 1272 crassantur-:usis
1175 1257 1179 1265 ·
1221 1216 1265 1294 [A.
1286 1236 1316 1279 o.

367 1389 403 1439 ut
433 1398 465 1438 se
491 1398 528 1438 ex
558 1390 647 1462 parte
674 1377 811 1462 episcopi
840 1391 872 1442 et
898 1379 1028 1462 capituli
1061 1380 1139 1443 nilril
1170 1382 1316 1448 Waltero

362 1476 566 1542 denuntiasse
580 1492 612 1542 et
628 1478 807 1565 promisisse
817 1480 998 1558 innuerent,
1015 1483 1072 1568 qui
1083 1505 1184 1567 quum
1197 1506 1315 1570 propo-

363 1578 431 1643 sitis
451 1580 657 1646 sacrosanctia
675 1580 848 1665 evangeliis
866 1583 976 1667 jurare
995 1585 1098 1668 parati
1119 1585 1313 1665 assisterent,

361 1680 524 1745 Walterus
540 1681 571 1746 in
587 1681 831 1768 appellationem
853 1683 1001 1769 prorupit
1016 1683 1170 1749 adversus
1188 1688 1313 1752 londo-

360 1782 498 1845 niensem
519 1783 715 1870 episcopum,
732 1797 764 1848 et
786 1785 857 1868 ejus
878 1784 1045 1863 decanum,
1069 1802 1101 1850 et
1124 1788 1311 1872 saepedictos

361 1884 452 1967 Hug.
467 1881 587 1946 archid.
603 1895 635 1947 et
650 1884 837 1968 magistrum
855 1886 897 1947 A.
913 1906 1056 1969 personae
1079 1901 1182 1952 tamen
1199 1889 1309 1953 decani

358 1984 515 2064 deferens,
539 1999 575 2050 ut
601 2008 658 2071 per
684 2000 921 2071 procuratorem
948 1986 1193 2071 appellationem
1218 1994 1309 2056 istam

356 2102 580 2173 prosequatur,
604 2087 759 2152 senectuti
784 2102 815 2153 et
838 2088 1050 2154 invaletudini
1073 2091 1143 2175 ejus
1165 2114 1306 2176 parcens.

357 2190 450 2255 Diem
473 2204 581 2254 autem
602 2189 670 2272 ejus
690 2189 862 2273 praefinivit
881 2205 1010 2255 octavas
1027 2197 1066 2257 B.
1083 2193 1219 2257 Andreae
1235 2217 1309 2279 apo

355 2289 437 2353 stoli.
466 2288 816 2371 Sedquiaauctoritate
826 2293 990 2374 apostolici
1004 2294 1146 2359 mandati
1156 2296 1258 2358 omnis
1274 2296 1306 2358 in

354 2389 413 2454 bac
441 2411 538 2452 causa
567 2388 702 2453 inhibita
732 2388 837 2451 suerat
866 2390 1049 2475 appellatio,
1081 2395 1121 2457 ad
1156 2395 1306 2461 ulteriora

352 2490 558 2577 procedentes
583 2502 713 2574 accepto
738 2505 934 2554 sacramento
959 2515 977 2555 a
1009 2497 1189 2559 memoratis
1217 2499 1303 2574 viris,

354 2592 480 2657 eosdem
496 2592 625 2656 omniuo
639 2590 846 2656 absolvimus.

530 2944 753 3009 EPISTOLA
777 2947 956 3010 XIV.—ro
972 2965 1124 3009 eunoun.

699 3083 845 3145 Adriano
856 3102 962 3163 papoe.

395 3215 631 3278 Snncrrrnrmr
647 3227 783 3277 vestram
799 3212 882 3277 circa
897 3211 1034 3297 plurima
1046 3212 1192 3276 norimus
1206 3237 1300 3280 occu-

348 3328 468 3403 patam,
483 3328 596 3401 utpote
610 3338 684 3401 quaa
699 3315 766 3380 sola
779 3317 863 3378 inter
884 3314 1026 3377 homines
1045 3316 1145 3378 totius
1159 3314 1300 3380 ecclesie

349 3420 410 3486 Dei
422 3417 632 3483 incolumitati
642 3441 768 3503 sempor
778 3417 935 3503 invigilat.
974 3419 1110 3502 Oportet
1119 3421 1229 3503 itaque
1241 3420 1298 3504 qui

346 3522 386 3586 ad
403 3544 494 3586 aures
510 3535 631 3585 vestras
645 3519 765 3584 accedit
779 3542 952 3584 sermonem
966 3517 1047 3582 ferre
1059 3518 1295 3582 abbreviatum:

346 3635 453 3685 noster
467 3638 572 3685 autem
585 3645 660 3686 voce
669 3619 799 3705 quidem
812 3618 917 3684 brevis
929 3633 988 3696 est,
999 3618 1054 3682 sed
1066 3631 1134 3683 toto
1145 3617 1298 3683 dilatatus

346 3720 475 3798 affectu,
503 3743 605 3803 eoque
634 3724 734 3803 magis
763 3722 850 3808 quod
882 3723 922 3787 ad
953 3721 1092 3785 ecclesiae
1119 3720 1296 3806 Anglorum

347 3820 516 3885 utilitatem
534 3819 670 3906 proficit,
685 3836 717 3883 et
733 3824 867 3904 gloriam
890 3824 1026 3887 nominis
1041 3823 1147 3887 vestri.
1194 3828 1296 3888 Vene-

345 3919 454 3986 rabilis
467 3920 567 3984 t'rater
581 3932 687 3981 noster
704 3920 848 4004 Nigellus
860 3920 998 3984 Eliensis
1013 3921 1222 4006 episcopusin
1238 3947 1295 3989 ex·

345 4022 462 4111 plendo
491 4020 643 4085 mandato
671 4032 776 4083 vestro
803 4041 900 4104 super
926 4018 1108 4082 revocandis
1135 4019 1196 4083 illis
1222 4046 1296 4105 quoe

343 4119 1296 4206 bellicatempeatasecclesiaesuaeextorserat‚laboratadsan-

341 4228 484 4313 guinem,
498 4241 531 4289 et
545 4223 624 4289 nihil
641 4236 779 4298 veretur,
796 4223 874 4286 dum
891 4221 1029 4285 ecclesiae
1044 4221 1104 4285 sibi
1120 4222 1294 4287 commissae

341 4328 525 4417 prospiciat,
540 4340 572 4392 et
587 4340 701 4391 vestrae
719 4324 890 4390 satisfaciat
904 4323 1072 4388 voluntati.
1111 4324 1294 4389 Laboribus

341 4432 471 4517 quidem
478 4430 797 4516 ejus,sumptibus‚et
807 4428 1045 4513 doloribus,qui
1055 4428 1083 4491 ei
1096 4426 1293 4508 viciniamur,

340 4529 1291 4617 omuescompatimur,ettantoampliusquiaadversuseum

341 4632 479 4697 nondum
492 4633 613 4717 quievit
626 4632 805 4715 indignatio
817 4647 931 4711 restra,
943 4631 997 4693 sed
1010 4631 1042 4693 in
1053 4630 1205 4695 cervicem
1215 4655 1291 4715 apo·

340 4734 707 4801 stolicamanusextenta
716 4747 772 4797 est.
796 4738 1012 4797 Veruntamen
1022 4732 1149 4795 utauris
1159 4748 1292 4818 paterna

340 4837 425 4923 quod
449 4834 510 4901 dici
532 4835 690 4899 credimus
713 4834 873 4919 expedire,
897 4834 1055 4918 patienter
1077 4833 1239 4908 admittat,
1261 4832 1289 4894 ei
