<?xml version="1.0" encoding="UTF-8"?>
<!DOCTYPE html PUBLIC "-//W3C//DTD XHTML 1.0 Transitional//EN"
    "http://www.w3.org/TR/xhtml1/DTD/xhtml1-transitional.dtd">
<html xmlns="http://www.w3.org/1999/xhtml" xml:lang="en" lang="en">
 <head>
  <title>
</title>
<meta http-equiv="Content-Type" content="text/html;charset=utf-8" />
  <meta name='ocr-system' content='tesseract 3.04.00' />
  <meta name='ocr-capabilities' content='ocr_page ocr_carea ocr_par ocr_line ocrx_word'/>
</head>
<body>
  <div class='ocr_page' id='page_1' title='image "./joannissaresber14johngoog_0175.png"; bbox 0 0 3300 6434; ppageno 0'>
   <div class='ocr_carea' id='block_1_1' title="bbox 344 1241 1296 1321">
    <p class='ocr_par' dir='ltr' id='par_1_1' title="bbox 344 1241 1296 1321">
     <span class='ocr_line' id='line_1_1' title="bbox 344 1241 1296 1321; baseline -0.003 -17"><span class='ocrx_word' id='word_1_1' title='bbox 344 1241 541 1321; x_wconf 58' lang='lat' dir='ltr'>nao-64]</span> <span class='ocrx_word' id='word_1_2' title='bbox 738 1257 919 1302; x_wconf 72' lang='lat' dir='ltr'>rrrsrora.</span> <span class='ocrx_word' id='word_1_3' title='bbox 1234 1242 1296 1301; x_wconf 71' lang='lat' dir='ltr'>lto</span> 
     </span>
    </p>
   </div>
   <div class='ocr_carea' id='block_1_2' title="bbox 406 1442 1224 1507">
    <p class='ocr_par' dir='ltr' id='par_1_2' title="bbox 406 1442 1224 1507">
     <span class='ocr_line' id='line_1_2' title="bbox 406 1442 1224 1507; baseline -0.001 -2"><span class='ocrx_word' id='word_1_4' title='bbox 406 1444 627 1507; x_wconf 76' lang='lat' dir='ltr'><strong>EPISTOLA</strong></span> <span class='ocrx_word' id='word_1_5' title='bbox 651 1442 808 1507; x_wconf 73' lang='lat' dir='ltr'>cv.-in</span> <span class='ocrx_word' id='word_1_6' title='bbox 823 1459 979 1503; x_wconf 81' lang='lat' dir='ltr'>sosonuu</span> <span class='ocrx_word' id='word_1_7' title='bbox 996 1458 1224 1504; x_wconf 79' lang='lat' dir='ltr'>canoruauau.</span> 
     </span>
    </p>
   </div>
   <div class='ocr_carea' id='block_1_3' title="bbox 647 1575 995 1639">
    <p class='ocr_par' dir='ltr' id='par_1_3' title="bbox 647 1575 995 1639">
     <span class='ocr_line' id='line_1_3' title="bbox 647 1575 995 1639; baseline -0.006 0"><span class='ocrx_word' id='word_1_8' title='bbox 647 1575 767 1639; x_wconf 83' lang='lat' dir='ltr'>Boaoni</span> <span class='ocrx_word' id='word_1_9' title='bbox 784 1575 995 1638; x_wconf 83' lang='lat' dir='ltr'>Cancellorr&#39;o.</span> 
     </span>
    </p>
   </div>
   <div class='ocr_carea' id='block_1_4' title="bbox 343 1695 1389 4935">
    <p class='ocr_par' dir='ltr' id='par_1_4' title="bbox 343 1695 1389 4935">
     <span class='ocr_line' id='line_1_4' title="bbox 389 1695 1302 1785; baseline 0.001 -22"><span class='ocrx_word' id='word_1_10' title='bbox 389 1699 460 1765; x_wconf 78' lang='lat' dir='ltr'>Pro</span> <span class='ocrx_word' id='word_1_11' title='bbox 475 1699 593 1763; x_wconf 82' lang='lat' dir='ltr'>honore</span> <span class='ocrx_word' id='word_1_12' title='bbox 607 1710 640 1762; x_wconf 91' lang='lat' dir='ltr'>et</span> <span class='ocrx_word' id='word_1_13' title='bbox 658 1697 819 1761; x_wconf 90' lang='lat' dir='ltr'>beneficiis</span> <span class='ocrx_word' id='word_1_14' title='bbox 834 1719 853 1760; x_wconf 91' lang='lat' dir='ltr'>a</span> <span class='ocrx_word' id='word_1_15' title='bbox 870 1696 959 1760; x_wconf 87' lang='lat' dir='ltr'>vobis</span> <span class='ocrx_word' id='word_1_16' title='bbox 974 1695 1051 1760; x_wconf 92' lang='lat' dir='ltr'>mihi</span> <span class='ocrx_word' id='word_1_17' title='bbox 1071 1709 1103 1761; x_wconf 91' lang='lat' dir='ltr'>et</span> <span class='ocrx_word' id='word_1_18' title='bbox 1119 1698 1198 1763; x_wconf 92' lang='lat' dir='ltr'>meis</span> <span class='ocrx_word' id='word_1_19' title='bbox 1213 1721 1302 1785; x_wconf 71' lang='lat' dir='ltr'>sape</span> 
     </span>
     <span class='ocr_line' id='line_1_5' title="bbox 344 1796 1300 1883; baseline -0.007 -15"><span class='ocrx_word' id='word_1_20' title='bbox 344 1802 468 1868; x_wconf 90' lang='lat' dir='ltr'>collatis</span> <span class='ocrx_word' id='word_1_21' title='bbox 489 1799 624 1866; x_wconf 90' lang='lat' dir='ltr'>bonitati</span> <span class='ocrx_word' id='word_1_22' title='bbox 647 1811 760 1862; x_wconf 82' lang='lat' dir='ltr'>vestrae</span> <span class='ocrx_word' id='word_1_23' title='bbox 780 1796 899 1880; x_wconf 79' lang='lat' dir='ltr'><strong>gratias</strong></span> <span class='ocrx_word' id='word_1_24' title='bbox 921 1820 993 1883; x_wconf 87' lang='lat' dir='ltr'>ago,</span> <span class='ocrx_word' id='word_1_25' title='bbox 1013 1820 1119 1877; x_wconf 87' lang='lat' dir='ltr'>orans,</span> <span class='ocrx_word' id='word_1_26' title='bbox 1136 1812 1171 1864; x_wconf 89' lang='lat' dir='ltr'>ut</span> <span class='ocrx_word' id='word_1_27' title='bbox 1194 1800 1225 1862; x_wconf 94' lang='lat' dir='ltr'>in</span> <span class='ocrx_word' id='word_1_28' title='bbox 1248 1820 1300 1862; x_wconf 89' lang='lat' dir='ltr'>me</span> 
     </span>
     <span class='ocr_line' id='line_1_6' title="bbox 345 1896 1302 1987; baseline -0.004 -20"><span class='ocrx_word' id='word_1_29' title='bbox 345 1926 408 1967; x_wconf 90' lang='lat' dir='ltr'>non</span> <span class='ocrx_word' id='word_1_30' title='bbox 428 1912 569 1987; x_wconf 88' lang='lat' dir='ltr'>tepescat</span> <span class='ocrx_word' id='word_1_31' title='bbox 591 1911 704 1964; x_wconf 84' lang='lat' dir='ltr'>vestroe</span> <span class='ocrx_word' id='word_1_32' title='bbox 719 1898 861 1962; x_wconf 89' lang='lat' dir='ltr'>caritatis</span> <span class='ocrx_word' id='word_1_33' title='bbox 880 1896 1023 1974; x_wconf 85' lang='lat' dir='ltr'>affectus,</span> <span class='ocrx_word' id='word_1_34' title='bbox 1040 1899 1117 1983; x_wconf 91' lang='lat' dir='ltr'>quia</span> <span class='ocrx_word' id='word_1_35' title='bbox 1136 1902 1196 1963; x_wconf 92' lang='lat' dir='ltr'>mei</span> <span class='ocrx_word' id='word_1_36' title='bbox 1211 1898 1302 1963; x_wconf 88' lang='lat' dir='ltr'>obse·</span> 
     </span>
     <span class='ocr_line' id='line_1_7' title="bbox 346 2000 1300 2090; baseline -0.003 -21"><span class='ocrx_word' id='word_1_37' title='bbox 346 2004 412 2090; x_wconf 90' lang='lat' dir='ltr'>quii</span> <span class='ocrx_word' id='word_1_38' title='bbox 427 2003 556 2068; x_wconf 86' lang='lat' dir='ltr'>devotio</span> <span class='ocrx_word' id='word_1_39' title='bbox 570 2023 633 2064; x_wconf 92' lang='lat' dir='ltr'>non</span> <span class='ocrx_word' id='word_1_40' title='bbox 649 2000 793 2085; x_wconf 86' lang='lat' dir='ltr'><strong>quiescit.</strong></span> <span class='ocrx_word' id='word_1_41' title='bbox 824 2001 943 2063; x_wconf 90' lang='lat' dir='ltr'>Verum</span> <span class='ocrx_word' id='word_1_42' title='bbox 959 2000 1036 2085; x_wconf 90' lang='lat' dir='ltr'>quia</span> <span class='ocrx_word' id='word_1_43' title='bbox 1049 2000 1222 2065; x_wconf 88' lang='lat' dir='ltr'>amicorum</span> <span class='ocrx_word' id='word_1_44' title='bbox 1238 2001 1300 2066; x_wconf 88' lang='lat' dir='ltr'>sibi</span> 
     </span>
     <span class='ocr_line' id='line_1_8' title="bbox 345 2101 1300 2186; baseline -0.001 -19"><span class='ocrx_word' id='word_1_45' title='bbox 345 2104 478 2169; x_wconf 88' lang='lat' dir='ltr'>invicem</span> <span class='ocrx_word' id='word_1_46' title='bbox 501 2102 668 2167; x_wconf 89' lang='lat' dir='ltr'>reseranda</span> <span class='ocrx_word' id='word_1_47' title='bbox 688 2115 764 2166; x_wconf 88' lang='lat' dir='ltr'>suut</span> <span class='ocrx_word' id='word_1_48' title='bbox 785 2114 926 2186; x_wconf 81' lang='lat' dir='ltr'>pectora,</span> <span class='ocrx_word' id='word_1_49' title='bbox 941 2101 1021 2186; x_wconf 91' lang='lat' dir='ltr'>quid</span> <span class='ocrx_word' id='word_1_50' title='bbox 1044 2102 1180 2167; x_wconf 88' lang='lat' dir='ltr'>animam</span> <span class='ocrx_word' id='word_1_51' title='bbox 1197 2124 1300 2166; x_wconf 85' lang='lat' dir='ltr'>meam</span> 
     </span>
     <span class='ocr_line' id='line_1_9' title="bbox 343 2202 1301 2291; baseline -0.004 -21"><span class='ocrx_word' id='word_1_52' title='bbox 343 2207 481 2270; x_wconf 84' lang='lat' dir='ltr'>maxime</span> <span class='ocrx_word' id='word_1_53' title='bbox 496 2218 654 2291; x_wconf 84' lang='lat' dir='ltr'>torqueat,</span> <span class='ocrx_word' id='word_1_54' title='bbox 668 2205 779 2289; x_wconf 90' lang='lat' dir='ltr'>paucis</span> <span class='ocrx_word' id='word_1_55' title='bbox 793 2202 942 2287; x_wconf 91' lang='lat' dir='ltr'>aperiam.</span> <span class='ocrx_word' id='word_1_56' title='bbox 985 2206 1038 2266; x_wconf 86' lang='lat' dir='ltr'>Ex</span> <span class='ocrx_word' id='word_1_57' title='bbox 1055 2224 1121 2287; x_wconf 92' lang='lat' dir='ltr'>quo</span> <span class='ocrx_word' id='word_1_58' title='bbox 1134 2216 1301 2288; x_wconf 87' lang='lat' dir='ltr'>promotus</span> 
     </span>
     <span class='ocr_line' id='line_1_10' title="bbox 344 2304 1301 2391; baseline -0.003 -20"><span class='ocrx_word' id='word_1_59' title='bbox 344 2328 414 2371; x_wconf 92' lang='lat' dir='ltr'>sum</span> <span class='ocrx_word' id='word_1_60' title='bbox 438 2307 469 2370; x_wconf 92' lang='lat' dir='ltr'>in</span> <span class='ocrx_word' id='word_1_61' title='bbox 492 2306 689 2391; x_wconf 89' lang='lat' dir='ltr'>episcopum,</span> <span class='ocrx_word' id='word_1_62' title='bbox 713 2317 828 2369; x_wconf 85' lang='lat' dir='ltr'>sanctae</span> <span class='ocrx_word' id='word_1_63' title='bbox 852 2304 1007 2369; x_wconf 87' lang='lat' dir='ltr'>Romanae</span> <span class='ocrx_word' id='word_1_64' title='bbox 1030 2304 1169 2369; x_wconf 73' lang='lat' dir='ltr'>ecclesia</span> <span class='ocrx_word' id='word_1_65' title='bbox 1190 2304 1301 2369; x_wconf 92' lang='lat' dir='ltr'>studui</span> 
     </span>
     <span class='ocr_line' id='line_1_11' title="bbox 345 2403 1389 2491; baseline -0.009 -17"><span class='ocrx_word' id='word_1_66' title='bbox 345 2410 422 2474; x_wconf 89' lang='lat' dir='ltr'>totis</span> <span class='ocrx_word' id='word_1_67' title='bbox 434 2408 555 2472; x_wconf 87' lang='lat' dir='ltr'>viribus</span> <span class='ocrx_word' id='word_1_68' title='bbox 567 2405 728 2483; x_wconf 89' lang='lat' dir='ltr'>inservire,</span> <span class='ocrx_word' id='word_1_69' title='bbox 738 2403 879 2483; x_wconf 89' lang='lat' dir='ltr'>credens,</span> <span class='ocrx_word' id='word_1_70' title='bbox 890 2427 996 2469; x_wconf 88' lang='lat' dir='ltr'>amora</span> <span class='ocrx_word' id='word_1_71' title='bbox 1007 2419 1039 2469; x_wconf 92' lang='lat' dir='ltr'>et</span> <span class='ocrx_word' id='word_1_72' title='bbox 1052 2405 1141 2471; x_wconf 90' lang='lat' dir='ltr'>cultu</span> <span class='ocrx_word' id='word_1_73' title='bbox 1152 2406 1301 2491; x_wconf 76' lang='lat' dir='ltr'>justitiae,</span> <span class='ocrx_word' id='word_1_74' title='bbox 1385 2458 1389 2465; x_wconf 93' lang='lat'><em>.</em></span> 
     </span>
     <span class='ocr_line' id='line_1_12' title="bbox 346 2506 1300 2596; baseline -0.004 -21"><span class='ocrx_word' id='word_1_75' title='bbox 346 2525 377 2575; x_wconf 91' lang='lat' dir='ltr'>et</span> <span class='ocrx_word' id='word_1_76' title='bbox 389 2512 463 2596; x_wconf 85' lang='lat' dir='ltr'>jugi</span> <span class='ocrx_word' id='word_1_77' title='bbox 479 2509 656 2572; x_wconf 86' lang='lat' dir='ltr'>devotionis</span> <span class='ocrx_word' id='word_1_78' title='bbox 670 2506 866 2570; x_wconf 83' lang='lat' dir='ltr'>exhibitione</span> <span class='ocrx_word' id='word_1_79' title='bbox 881 2529 931 2571; x_wconf 91' lang='lat' dir='ltr'>me</span> <span class='ocrx_word' id='word_1_80' title='bbox 942 2529 1032 2592; x_wconf 85' lang='lat' dir='ltr'>posse</span> <span class='ocrx_word' id='word_1_81' title='bbox 1048 2507 1150 2593; x_wconf 90' lang='lat' dir='ltr'>ipsius</span> <span class='ocrx_word' id='word_1_82' title='bbox 1164 2507 1300 2592; x_wconf 84' lang='lat' dir='ltr'>gratiam</span> 
     </span>
     <span class='ocr_line' id='line_1_13' title="bbox 346 2608 1300 2698; baseline -0.004 -20"><span class='ocrx_word' id='word_1_83' title='bbox 346 2634 537 2698; x_wconf 87' lang='lat' dir='ltr'>comparare.</span> <span class='ocrx_word' id='word_1_84' title='bbox 572 2612 735 2676; x_wconf 86' lang='lat' dir='ltr'>Caeterum</span> <span class='ocrx_word' id='word_1_85' title='bbox 752 2629 843 2672; x_wconf 89' lang='lat' dir='ltr'>secus</span> <span class='ocrx_word' id='word_1_86' title='bbox 857 2608 982 2675; x_wconf 91' lang='lat' dir='ltr'>accidit.</span> <span class='ocrx_word' id='word_1_87' title='bbox 1015 2608 1114 2673; x_wconf 92' lang='lat' dir='ltr'>Nullo</span> <span class='ocrx_word' id='word_1_88' title='bbox 1129 2610 1154 2673; x_wconf 88' lang='lat' dir='ltr'>si</span> <span class='ocrx_word' id='word_1_89' title='bbox 1170 2608 1300 2695; x_wconf 92' lang='lat' dir='ltr'>quidem</span> 
     </span>
     <span class='ocr_line' id='line_1_14' title="bbox 346 2709 1302 2797; baseline -0.004 -19"><span class='ocrx_word' id='word_1_90' title='bbox 346 2713 421 2779; x_wconf 86' lang='lat' dir='ltr'>mali</span> <span class='ocrx_word' id='word_1_91' title='bbox 443 2713 554 2776; x_wconf 88' lang='lat' dir='ltr'>merito</span> <span class='ocrx_word' id='word_1_92' title='bbox 576 2710 616 2775; x_wconf 92' lang='lat' dir='ltr'>de</span> <span class='ocrx_word' id='word_1_93' title='bbox 638 2711 830 2776; x_wconf 90' lang='lat' dir='ltr'>conscientia</span> <span class='ocrx_word' id='word_1_94' title='bbox 849 2733 919 2774; x_wconf 90' lang='lat' dir='ltr'>mea</span> <span class='ocrx_word' id='word_1_95' title='bbox 941 2712 1141 2794; x_wconf 86' lang='lat' dir='ltr'>procedente,</span> <span class='ocrx_word' id='word_1_96' title='bbox 1158 2733 1208 2774; x_wconf 92' lang='lat' dir='ltr'>me</span> <span class='ocrx_word' id='word_1_97' title='bbox 1230 2709 1302 2797; x_wconf 90' lang='lat' dir='ltr'>qui-</span> 
     </span>
     <span class='ocr_line' id='line_1_15' title="bbox 345 2811 1303 2899; baseline -0.001 -22"><span class='ocrx_word' id='word_1_98' title='bbox 345 2814 419 2878; x_wconf 92' lang='lat' dir='ltr'>dam</span> <span class='ocrx_word' id='word_1_99' title='bbox 442 2812 643 2876; x_wconf 89' lang='lat' dir='ltr'>dominorum</span> <span class='ocrx_word' id='word_1_100' title='bbox 667 2834 807 2877; x_wconf 89' lang='lat' dir='ltr'>meorum</span> <span class='ocrx_word' id='word_1_101' title='bbox 829 2811 1048 2893; x_wconf 80' lang='lat' dir='ltr'>cardinalium,</span> <span class='ocrx_word' id='word_1_102' title='bbox 1071 2826 1107 2877; x_wconf 90' lang='lat' dir='ltr'>ut</span> <span class='ocrx_word' id='word_1_103' title='bbox 1129 2836 1149 2876; x_wconf 91' lang='lat' dir='ltr'>a</span> <span class='ocrx_word' id='word_1_104' title='bbox 1170 2812 1303 2899; x_wconf 88' lang='lat' dir='ltr'>quibus·</span> 
     </span>
     <span class='ocr_line' id='line_1_16' title="bbox 344 2913 1302 2999; baseline 0.002 -21"><span class='ocrx_word' id='word_1_105' title='bbox 344 2914 419 2979; x_wconf 91' lang='lat' dir='ltr'>dam</span> <span class='ocrx_word' id='word_1_106' title='bbox 445 2916 552 2991; x_wconf 91' lang='lat' dir='ltr'>audio,</span> <span class='ocrx_word' id='word_1_107' title='bbox 578 2913 751 2977; x_wconf 82' lang='lat' dir='ltr'>admodum</span> <span class='ocrx_word' id='word_1_108' title='bbox 778 2927 1026 2999; x_wconf 88' lang='lat' dir='ltr'>persequuntur.</span> <span class='ocrx_word' id='word_1_109' title='bbox 1077 2915 1173 2989; x_wconf 90' lang='lat' dir='ltr'>Quod</span> <span class='ocrx_word' id='word_1_110' title='bbox 1199 2938 1239 2980; x_wconf 83' lang='lat' dir='ltr'>ex</span> <span class='ocrx_word' id='word_1_111' title='bbox 1263 2938 1302 2980; x_wconf 88' lang='lat' dir='ltr'>eo</span> 
     </span>
     <span class='ocr_line' id='line_1_17' title="bbox 347 3014 1302 3101; baseline 0.004 -24"><span class='ocrx_word' id='word_1_112' title='bbox 347 3037 457 3079; x_wconf 86' lang='lat' dir='ltr'>verum</span> <span class='ocrx_word' id='word_1_113' title='bbox 470 3037 536 3078; x_wconf 89' lang='lat' dir='ltr'>esse</span> <span class='ocrx_word' id='word_1_114' title='bbox 548 3015 684 3078; x_wconf 87' lang='lat' dir='ltr'>maxime</span> <span class='ocrx_word' id='word_1_115' title='bbox 695 3014 868 3100; x_wconf 86' lang='lat' dir='ltr'>perpendo,</span> <span class='ocrx_word' id='word_1_116' title='bbox 881 3014 969 3101; x_wconf 93' lang='lat' dir='ltr'>quod</span> <span class='ocrx_word' id='word_1_117' title='bbox 980 3014 1212 3081; x_wconf 83' lang='lat' dir='ltr'>detractoribus</span> <span class='ocrx_word' id='word_1_118' title='bbox 1222 3019 1302 3081; x_wconf 93' lang='lat' dir='ltr'>meis</span> 
     </span>
     <span class='ocr_line' id='line_1_18' title="bbox 345 3116 1301 3205; baseline 0.004 -26"><span class='ocrx_word' id='word_1_119' title='bbox 345 3116 465 3192; x_wconf 86' lang='lat' dir='ltr'>favent,</span> <span class='ocrx_word' id='word_1_120' title='bbox 489 3130 521 3181; x_wconf 89' lang='lat' dir='ltr'>et</span> <span class='ocrx_word' id='word_1_121' title='bbox 542 3116 737 3180; x_wconf 85' lang='lat' dir='ltr'>adversarios</span> <span class='ocrx_word' id='word_1_122' title='bbox 759 3117 878 3181; x_wconf 89' lang='lat' dir='ltr'>fovent.</span> <span class='ocrx_word' id='word_1_123' title='bbox 915 3118 963 3183; x_wconf 85' lang='lat' dir='ltr'>Sit</span> <span class='ocrx_word' id='word_1_124' title='bbox 985 3142 1062 3205; x_wconf 87' lang='lat' dir='ltr'>ergo</span> <span class='ocrx_word' id='word_1_125' title='bbox 1081 3118 1301 3183; x_wconf 78' lang='lat' dir='ltr'>sollicitudinis</span> 
     </span>
     <span class='ocr_line' id='line_1_19' title="bbox 345 3218 1301 3305; baseline 0.004 -25"><span class='ocrx_word' id='word_1_126' title='bbox 345 3230 470 3295; x_wconf 75' lang='lat' dir='ltr'>vestrae,</span> <span class='ocrx_word' id='word_1_127' title='bbox 493 3231 533 3283; x_wconf 91' lang='lat' dir='ltr'>ut</span> <span class='ocrx_word' id='word_1_128' title='bbox 555 3218 581 3283; x_wconf 92' lang='lat' dir='ltr'>si</span> <span class='ocrx_word' id='word_1_129' title='bbox 603 3219 663 3282; x_wconf 94' lang='lat' dir='ltr'>hoc</span> <span class='ocrx_word' id='word_1_130' title='bbox 684 3222 780 3304; x_wconf 89' lang='lat' dir='ltr'>culpa</span> <span class='ocrx_word' id='word_1_131' title='bbox 802 3241 872 3282; x_wconf 90' lang='lat' dir='ltr'>mea</span> <span class='ocrx_word' id='word_1_132' title='bbox 894 3220 1067 3305; x_wconf 87' lang='lat' dir='ltr'>promerui,</span> <span class='ocrx_word' id='word_1_133' title='bbox 1086 3243 1158 3284; x_wconf 90' lang='lat' dir='ltr'>cum</span> <span class='ocrx_word' id='word_1_134' title='bbox 1182 3219 1301 3285; x_wconf 75' lang='lat' dir='ltr'>debitae</span> 
     </span>
     <span class='ocr_line' id='line_1_20' title="bbox 344 3319 1299 3409; baseline -0.001 -23"><span class='ocrx_word' id='word_1_135' title='bbox 344 3319 567 3386; x_wconf 82' lang='lat' dir='ltr'>satisfactionis</span> <span class='ocrx_word' id='word_1_136' title='bbox 596 3321 703 3385; x_wconf 88' lang='lat' dir='ltr'>fructu</span> <span class='ocrx_word' id='word_1_137' title='bbox 730 3343 792 3384; x_wconf 91' lang='lat' dir='ltr'>nou</span> <span class='ocrx_word' id='word_1_138' title='bbox 822 3335 976 3408; x_wconf 85' lang='lat' dir='ltr'>respuant</span> <span class='ocrx_word' id='word_1_139' title='bbox 1001 3323 1218 3409; x_wconf 89' lang='lat' dir='ltr'>poenitentem.</span> <span class='ocrx_word' id='word_1_140' title='bbox 1266 3321 1299 3385; x_wconf 92' lang='lat' dir='ltr'>Si</span> 
     </span>
     <span class='ocr_line' id='line_1_21' title="bbox 344 3421 1300 3508; baseline 0.002 -23"><span class='ocrx_word' id='word_1_141' title='bbox 344 3444 419 3498; x_wconf 92' lang='lat' dir='ltr'>nou,</span> <span class='ocrx_word' id='word_1_142' title='bbox 435 3435 471 3487; x_wconf 92' lang='lat' dir='ltr'>ut</span> <span class='ocrx_word' id='word_1_143' title='bbox 487 3422 593 3498; x_wconf 90' lang='lat' dir='ltr'>credo,</span> <span class='ocrx_word' id='word_1_144' title='bbox 606 3422 779 3508; x_wconf 87' lang='lat' dir='ltr'>promerui,</span> <span class='ocrx_word' id='word_1_145' title='bbox 790 3422 1054 3506; x_wconf 84' lang='lat' dir='ltr'>contemplatione</span> <span class='ocrx_word' id='word_1_146' title='bbox 1067 3421 1300 3501; x_wconf 67' lang='lat' dir='ltr'>misericordiae,</span> 
     </span>
     <span class='ocr_line' id='line_1_22' title="bbox 347 3522 1302 3608; baseline 0.004 -23"><span class='ocrx_word' id='word_1_147' title='bbox 347 3536 379 3587; x_wconf 94' lang='lat' dir='ltr'>et</span> <span class='ocrx_word' id='word_1_148' title='bbox 389 3524 469 3608; x_wconf 88' lang='lat' dir='ltr'>justi</span> <span class='ocrx_word' id='word_1_149' title='bbox 488 3523 606 3608; x_wconf 85' lang='lat' dir='ltr'>judicii</span> <span class='ocrx_word' id='word_1_150' title='bbox 622 3526 695 3599; x_wconf 88' lang='lat' dir='ltr'>Dei,</span> <span class='ocrx_word' id='word_1_151' title='bbox 711 3522 871 3585; x_wconf 87' lang='lat' dir='ltr'>molestias</span> <span class='ocrx_word' id='word_1_152' title='bbox 893 3523 991 3606; x_wconf 89' lang='lat' dir='ltr'>hujus</span> <span class='ocrx_word' id='word_1_153' title='bbox 1013 3522 1194 3586; x_wconf 85' lang='lat' dir='ltr'>acerbitatis</span> <span class='ocrx_word' id='word_1_154' title='bbox 1215 3545 1302 3589; x_wconf 90' lang='lat' dir='ltr'>amo-</span> 
     </span>
     <span class='ocr_line' id='line_1_23' title="bbox 347 3623 1302 3707; baseline 0.007 -22"><span class='ocrx_word' id='word_1_155' title='bbox 347 3638 451 3700; x_wconf 85' lang='lat' dir='ltr'>veant,</span> <span class='ocrx_word' id='word_1_156' title='bbox 474 3638 506 3689; x_wconf 91' lang='lat' dir='ltr'>et</span> <span class='ocrx_word' id='word_1_157' title='bbox 529 3648 548 3687; x_wconf 89' lang='lat' dir='ltr'>a</span> <span class='ocrx_word' id='word_1_158' title='bbox 570 3647 602 3687; x_wconf 88' lang='lat' dir='ltr'>se</span> <span class='ocrx_word' id='word_1_159' title='bbox 624 3645 685 3686; x_wconf 92' lang='lat' dir='ltr'>non</span> <span class='ocrx_word' id='word_1_160' title='bbox 710 3624 853 3707; x_wconf 88' lang='lat' dir='ltr'>rejiciant</span> <span class='ocrx_word' id='word_1_161' title='bbox 874 3637 991 3687; x_wconf 73' lang='lat' dir='ltr'>nostrie</span> <span class='ocrx_word' id='word_1_162' title='bbox 1013 3623 1188 3689; x_wconf 86' lang='lat' dir='ltr'>devotionis</span> <span class='ocrx_word' id='word_1_163' title='bbox 1210 3628 1302 3692; x_wconf 88' lang='lat' dir='ltr'>obse·</span> 
     </span>
     <span class='ocr_line' id='line_1_24' title="bbox 344 3722 1299 3812; baseline 0.008 -26"><span class='ocrx_word' id='word_1_164' title='bbox 344 3726 467 3810; x_wconf 89' lang='lat' dir='ltr'>quium.</span> <span class='ocrx_word' id='word_1_165' title='bbox 495 3728 665 3800; x_wconf 71' lang='lat' dir='ltr'>Praeterea,</span> <span class='ocrx_word' id='word_1_166' title='bbox 677 3722 766 3809; x_wconf 93' lang='lat' dir='ltr'>quod</span> <span class='ocrx_word' id='word_1_167' title='bbox 777 3737 914 3787; x_wconf 89' lang='lat' dir='ltr'>mentem</span> <span class='ocrx_word' id='word_1_168' title='bbox 926 3746 1027 3791; x_wconf 92' lang='lat' dir='ltr'>meam</span> <span class='ocrx_word' id='word_1_169' title='bbox 1039 3724 1148 3790; x_wconf 93' lang='lat' dir='ltr'>dolore</span> <span class='ocrx_word' id='word_1_170' title='bbox 1159 3729 1299 3812; x_wconf 86' lang='lat' dir='ltr'>graviori</span> 
     </span>
     <span class='ocr_line' id='line_1_25' title="bbox 345 3824 1303 3916; baseline 0.007 -27"><span class='ocrx_word' id='word_1_171' title='bbox 345 3825 519 3902; x_wconf 83' lang='lat' dir='ltr'>exulcerat,</span> <span class='ocrx_word' id='word_1_172' title='bbox 535 3824 681 3890; x_wconf 88' lang='lat' dir='ltr'>dominus</span> <span class='ocrx_word' id='word_1_173' title='bbox 702 3849 796 3913; x_wconf 89' lang='lat' dir='ltr'>papa,</span> <span class='ocrx_word' id='word_1_174' title='bbox 811 3826 868 3913; x_wconf 92' lang='lat' dir='ltr'>qui</span> <span class='ocrx_word' id='word_1_175' title='bbox 884 3829 1047 3914; x_wconf 67' lang='lat' dir='ltr'>praeterita</span> <span class='ocrx_word' id='word_1_176' title='bbox 1067 3830 1181 3915; x_wconf 85' lang='lat' dir='ltr'>hyeme</span> <span class='ocrx_word' id='word_1_177' title='bbox 1195 3832 1303 3916; x_wconf 90' lang='lat' dir='ltr'>petiti·</span> 
     </span>
     <span class='ocr_line' id='line_1_26' title="bbox 345 3928 1299 4019; baseline 0.006 -28"><span class='ocrx_word' id='word_1_178' title='bbox 345 3951 421 3992; x_wconf 89' lang='lat' dir='ltr'>ones</span> <span class='ocrx_word' id='word_1_179' title='bbox 436 3951 520 3993; x_wconf 88' lang='lat' dir='ltr'>meas</span> <span class='ocrx_word' id='word_1_180' title='bbox 534 3951 596 3992; x_wconf 91' lang='lat' dir='ltr'>non</span> <span class='ocrx_word' id='word_1_181' title='bbox 612 3928 750 4006; x_wconf 89' lang='lat' dir='ltr'>admisit,</span> <span class='ocrx_word' id='word_1_182' title='bbox 766 3928 953 3996; x_wconf 83' lang='lat' dir='ltr'>adversariis</span> <span class='ocrx_word' id='word_1_183' title='bbox 973 3932 1061 4011; x_wconf 88' lang='lat' dir='ltr'>meis,</span> <span class='ocrx_word' id='word_1_184' title='bbox 1076 3946 1107 3997; x_wconf 92' lang='lat' dir='ltr'>et</span> <span class='ocrx_word' id='word_1_185' title='bbox 1124 3934 1299 4019; x_wconf 69' lang='lat' dir='ltr'>praesertim</span> 
     </span>
     <span class='ocr_line' id='line_1_27' title="bbox 346 4018 1301 4120; baseline 0.003 -25"><span class='ocrx_word' id='word_1_186' title='bbox 346 4031 506 4095; x_wconf 90' lang='lat' dir='ltr'>monachis</span> <span class='ocrx_word' id='word_1_187' title='bbox 530 4031 636 4096; x_wconf 89' lang='lat' dir='ltr'>Sancti</span> <span class='ocrx_word' id='word_1_188' title='bbox 662 4018 853 4117; x_wconf 83' lang='lat' dir='ltr'>Augustini,</span> <span class='ocrx_word' id='word_1_189' title='bbox 863 4033 1041 4112; x_wconf 91' lang='lat' dir='ltr'>fasciculos,</span> <span class='ocrx_word' id='word_1_190' title='bbox 1056 4034 1175 4120; x_wconf 89' lang='lat' dir='ltr'>quibus</span> <span class='ocrx_word' id='word_1_191' title='bbox 1195 4055 1301 4098; x_wconf 89' lang='lat' dir='ltr'>senec·</span> 
     </span>
     <span class='ocr_line' id='line_1_28' title="bbox 347 4133 1301 4210; baseline 0.003 -13"><span class='ocrx_word' id='word_1_192' title='bbox 347 4144 448 4197; x_wconf 89' lang='lat' dir='ltr'>tutem</span> <span class='ocrx_word' id='word_1_193' title='bbox 472 4147 573 4197; x_wconf 86' lang='lat' dir='ltr'>meam</span> <span class='ocrx_word' id='word_1_194' title='bbox 596 4133 776 4210; x_wconf 88' lang='lat' dir='ltr'>obruerent,</span> <span class='ocrx_word' id='word_1_195' title='bbox 800 4134 935 4198; x_wconf 90' lang='lat' dir='ltr'>contulit</span> <span class='ocrx_word' id='word_1_196' title='bbox 958 4133 1155 4198; x_wconf 87' lang='lat' dir='ltr'>litterarum:</span> <span class='ocrx_word' id='word_1_197' title='bbox 1186 4134 1227 4198; x_wconf 89' lang='lat' dir='ltr'>ad</span> <span class='ocrx_word' id='word_1_198' title='bbox 1246 4136 1301 4200; x_wconf 86' lang='lat' dir='ltr'>ab·</span> 
     </span>
     <span class='ocr_line' id='line_1_29' title="bbox 345 4233 1301 4319; baseline 0.003 -21"><span class='ocrx_word' id='word_1_199' title='bbox 345 4234 449 4298; x_wconf 90' lang='lat' dir='ltr'>batem</span> <span class='ocrx_word' id='word_1_200' title='bbox 465 4235 571 4297; x_wconf 89' lang='lat' dir='ltr'>Sancti</span> <span class='ocrx_word' id='word_1_201' title='bbox 582 4236 756 4318; x_wconf 86' lang='lat' dir='ltr'>Augustini</span> <span class='ocrx_word' id='word_1_202' title='bbox 768 4235 808 4298; x_wconf 93' lang='lat' dir='ltr'>de</span> <span class='ocrx_word' id='word_1_203' title='bbox 819 4233 964 4297; x_wconf 87' lang='lat' dir='ltr'>facienda</span> <span class='ocrx_word' id='word_1_204' title='bbox 975 4234 1167 4319; x_wconf 77' lang='lat' dir='ltr'>professione</span> <span class='ocrx_word' id='word_1_205' title='bbox 1179 4236 1301 4301; x_wconf 88' lang='lat' dir='ltr'>litteras</span> 
     </span>
     <span class='ocr_line' id='line_1_30' title="bbox 347 4334 1300 4421; baseline 0.006 -23"><span class='ocrx_word' id='word_1_206' title='bbox 347 4334 424 4399; x_wconf 91' lang='lat' dir='ltr'>mihi</span> <span class='ocrx_word' id='word_1_207' title='bbox 439 4336 584 4413; x_wconf 90' lang='lat' dir='ltr'>indulsit,</span> <span class='ocrx_word' id='word_1_208' title='bbox 598 4357 683 4419; x_wconf 76' lang='lat' dir='ltr'>quar,</span> <span class='ocrx_word' id='word_1_209' title='bbox 699 4349 735 4400; x_wconf 89' lang='lat' dir='ltr'>ut</span> <span class='ocrx_word' id='word_1_210' title='bbox 756 4358 833 4419; x_wconf 91' lang='lat' dir='ltr'>pace</span> <span class='ocrx_word' id='word_1_211' title='bbox 848 4336 917 4420; x_wconf 88' lang='lat' dir='ltr'>ejus</span> <span class='ocrx_word' id='word_1_212' title='bbox 937 4336 1060 4421; x_wconf 90' lang='lat' dir='ltr'>loquar,</span> <span class='ocrx_word' id='word_1_213' title='bbox 1075 4337 1103 4400; x_wconf 91' lang='lat' dir='ltr'>ei</span> <span class='ocrx_word' id='word_1_214' title='bbox 1119 4359 1182 4401; x_wconf 92' lang='lat' dir='ltr'>non</span> <span class='ocrx_word' id='word_1_215' title='bbox 1196 4352 1300 4405; x_wconf 89' lang='lat' dir='ltr'>essent</span> 
     </span>
     <span class='ocr_line' id='line_1_31' title="bbox 346 4436 1300 4513; baseline 0.007 -13"><span class='ocrx_word' id='word_1_216' title='bbox 346 4436 468 4511; x_wconf 89' lang='lat' dir='ltr'>honori,</span> <span class='ocrx_word' id='word_1_217' title='bbox 496 4450 527 4501; x_wconf 90' lang='lat' dir='ltr'>et</span> <span class='ocrx_word' id='word_1_218' title='bbox 554 4436 632 4500; x_wconf 91' lang='lat' dir='ltr'>mihi</span> <span class='ocrx_word' id='word_1_219' title='bbox 658 4438 791 4502; x_wconf 88' lang='lat' dir='ltr'>fuissent</span> <span class='ocrx_word' id='word_1_220' title='bbox 817 4436 975 4513; x_wconf 89' lang='lat' dir='ltr'>dedecori,</span> <span class='ocrx_word' id='word_1_221' title='bbox 1001 4453 1033 4503; x_wconf 92' lang='lat' dir='ltr'>et</span> <span class='ocrx_word' id='word_1_222' title='bbox 1063 4439 1171 4503; x_wconf 89' lang='lat' dir='ltr'>abbati</span> <span class='ocrx_word' id='word_1_223' title='bbox 1196 4455 1300 4508; x_wconf 89' lang='lat' dir='ltr'>essent</span> 
     </span>
     <span class='ocr_line' id='line_1_32' title="bbox 345 4537 1302 4627; baseline 0.005 -26"><span class='ocrx_word' id='word_1_224' title='bbox 345 4537 466 4602; x_wconf 86' lang='lat' dir='ltr'>futurae</span> <span class='ocrx_word' id='word_1_225' title='bbox 489 4538 696 4623; x_wconf 88' lang='lat' dir='ltr'>contemptui.</span> <span class='ocrx_word' id='word_1_226' title='bbox 736 4538 871 4623; x_wconf 88' lang='lat' dir='ltr'>Scripsit</span> <span class='ocrx_word' id='word_1_227' title='bbox 892 4538 974 4602; x_wconf 91' lang='lat' dir='ltr'>enim</span> <span class='ocrx_word' id='word_1_228' title='bbox 997 4540 1146 4617; x_wconf 88' lang='lat' dir='ltr'>tenuiter,</span> <span class='ocrx_word' id='word_1_229' title='bbox 1171 4555 1206 4605; x_wconf 89' lang='lat' dir='ltr'>ut</span> <span class='ocrx_word' id='word_1_230' title='bbox 1226 4565 1302 4627; x_wconf 90' lang='lat' dir='ltr'>pro-</span> 
     </span>
     <span class='ocr_line' id='line_1_33' title="bbox 346 4639 1301 4709; baseline 0.007 -7"><span class='ocrx_word' id='word_1_231' title='bbox 346 4639 440 4703; x_wconf 85' lang='lat' dir='ltr'>fessio</span> <span class='ocrx_word' id='word_1_232' title='bbox 462 4640 561 4703; x_wconf 80' lang='lat' dir='ltr'>feret.</span> <span class='ocrx_word' id='word_1_233' title='bbox 606 4644 649 4704; x_wconf 89' lang='lat' dir='ltr'>At</span> <span class='ocrx_word' id='word_1_234' title='bbox 675 4639 730 4702; x_wconf 91' lang='lat' dir='ltr'>diu</span> <span class='ocrx_word' id='word_1_235' title='bbox 754 4640 928 4704; x_wconf 87' lang='lat' dir='ltr'>cardinales</span> <span class='ocrx_word' id='word_1_236' title='bbox 950 4665 967 4703; x_wconf 92' lang='lat' dir='ltr'>e</span> <span class='ocrx_word' id='word_1_237' title='bbox 989 4653 1099 4706; x_wconf 89' lang='lat' dir='ltr'>contra</span> <span class='ocrx_word' id='word_1_238' title='bbox 1120 4642 1233 4709; x_wconf 91' lang='lat' dir='ltr'>litteris</span> <span class='ocrx_word' id='word_1_239' title='bbox 1254 4644 1301 4709; x_wconf 91' lang='lat' dir='ltr'>in-</span> 
     </span>
     <span class='ocr_line' id='line_1_34' title="bbox 346 4741 1301 4830; baseline 0.008 -26"><span class='ocrx_word' id='word_1_240' title='bbox 346 4753 531 4806; x_wconf 86' lang='lat' dir='ltr'>struxerunt</span> <span class='ocrx_word' id='word_1_241' title='bbox 554 4741 712 4817; x_wconf 87' lang='lat' dir='ltr'>abbatem,</span> <span class='ocrx_word' id='word_1_242' title='bbox 738 4757 773 4808; x_wconf 90' lang='lat' dir='ltr'>ut</span> <span class='ocrx_word' id='word_1_243' title='bbox 796 4742 981 4830; x_wconf 89' lang='lat' dir='ltr'>appellaret.</span> <span class='ocrx_word' id='word_1_244' title='bbox 1027 4745 1106 4823; x_wconf 87' lang='lat' dir='ltr'>Quis</span> <span class='ocrx_word' id='word_1_245' title='bbox 1128 4768 1190 4810; x_wconf 93' lang='lat' dir='ltr'>non</span> <span class='ocrx_word' id='word_1_246' title='bbox 1213 4744 1301 4812; x_wconf 85' lang='lat' dir='ltr'>videt</span> 
     </span>
     <span class='ocr_line' id='line_1_35' title="bbox 343 4842 1300 4935; baseline 0.005 -29"><span class='ocrx_word' id='word_1_247' title='bbox 343 4842 466 4912; x_wconf 87' lang='lat' dir='ltr'>litteras</span> <span class='ocrx_word' id='word_1_248' title='bbox 481 4843 554 4907; x_wconf 93' lang='lat' dir='ltr'>hinc</span> <span class='ocrx_word' id='word_1_249' title='bbox 570 4843 644 4907; x_wconf 90' lang='lat' dir='ltr'>inde</span> <span class='ocrx_word' id='word_1_250' title='bbox 666 4845 788 4923; x_wconf 84' lang='lat' dir='ltr'>missas,</span> <span class='ocrx_word' id='word_1_251' title='bbox 804 4846 864 4912; x_wconf 85' lang='lat' dir='ltr'>nisi</span> <span class='ocrx_word' id='word_1_252' title='bbox 881 4846 921 4910; x_wconf 89' lang='lat' dir='ltr'>ad</span> <span class='ocrx_word' id='word_1_253' title='bbox 942 4847 1087 4933; x_wconf 85' lang='lat' dir='ltr'>ancipitis</span> <span class='ocrx_word' id='word_1_254' title='bbox 1101 4871 1221 4935; x_wconf 83' lang='lat' dir='ltr'>pugnoe</span> <span class='ocrx_word' id='word_1_255' title='bbox 1237 4848 1300 4912; x_wconf 83' lang='lat' dir='ltr'>din-</span> 
     </span>
    </p>
   </div>
   <div class='ocr_carea' id='block_1_5' title="bbox 0 0 1657 6434">
    <p class='ocr_par' dir='ltr' id='par_1_5' title="bbox 0 0 1657 6434">
     <span class='ocr_line' id='line_1_36' title="bbox 0 0 1657 6434; baseline 0 0"><span class='ocrx_word' id='word_1_256' title='bbox 0 0 1657 6434; x_wconf 95' lang='lat' dir='ltr'> </span> 
     </span>
    </p>
   </div>
  </div>
 </body>
</html>
