3300 6434
348 1250 455 1328 liuor]
729 1264 906 1310 urrsronn.
1239 1254 1298 1315 2⁶21

345 1440 411 1481 non
427 1418 519 1496 mihi,
533 1419 620 1503 quod
635 1418 668 1480 in
684 1438 755 1480 eum
773 1418 1004 1480 humanitatem
1028 1420 1214 1498 ampliorem
1232 1441 1299 1484 non

343 1521 435 1603 potui
465 1541 623 1583 exercere.
681 1520 814 1582 Utinam
844 1518 965 1581 amicos
1004 1518 1120 1582 amodo
1152 1522 1299 1584 meliores

343 1620 503 1686 iuveniat!
527 1623 600 1702 Ego
616 1620 719 1703 profui
731 1631 890 1704 quatenns
902 1631 1046 1702 tempora
1061 1622 1296 1703 permittebant.

344 1722 451 1786 Audio
483 1723 671 1802 Magistrum
699 1722 876 1785 Galterium
901 1722 1084 1805 juramento
1114 1723 1240 1799 arctari,
1265 1735 1300 1786 ut

346 1845 451 1907 neque
481 1824 613 1900 litterae,
636 1845 740 1907 neque
770 1823 907 1886 nuncios
933 1825 1068 1907 recipiat
1090 1825 1300 1887 exsulantium.

346 1927 398 1987 Ex
426 1948 490 2009 quo
521 1936 607 2007 patet
637 1946 734 2008 quam
761 1926 875 1988 misera
902 1928 1077 1990 necessitas
1106 1927 1200 1989 bonis
1227 1927 1300 1989 viris

346 2028 524 2103 immineat,
544 2048 625 2109 quos
647 2047 710 2089 non
733 2028 811 2090 licet
833 2026 985 2091 mandata
1007 2028 1188 2091 Dominicae
1209 2028 1301 2109 legis,

346 2129 454 2191 officia
469 2123 617 2191 videlicet
632 2126 785 2203 caritatis,
799 2128 944 2210 implere.

375 2437 595 2502 EPISTOLA
619 2436 837 2500 CXLV.—-an
852 2454 1144 2500 aanrnonounnu
1160 2456 1265 2501 nerse.

600 2557 826 2602 sxonrnnsnn.
854 2539 1062 2620 [n.n.1166.]

381 2701 620 2763 Bartholomaeo
635 2697 821 2762 annienai
837 2701 985 2779 episcopo
998 2697 1095 2761 Joan.
1112 2696 1274 2760 Saresber.

393 2850 500 2912 chnr
529 2870 571 2910 ex
600 2868 688 2910 more
726 2846 933 2910 scribentium
971 2846 1011 2909 ad
1042 2847 1163 2911 amicos
1192 2847 1304 2910 salutis

255 2955 259 2962 '
351 2960 459 3010 votum
475 2948 593 3031 pagina
609 2968 673 3009 non
686 2946 873 3030 praetendat,
887 2948 964 3011 nihil
981 2958 1086 3010 tamen
1098 2947 1304 3011 affectuosius

353 3060 402 3111 est
423 3048 456 3109 in
472 3047 564 3123 votis,
579 3058 612 3109 et
632 3047 826 3110 orationibus
846 3048 936 3125 meis,
951 3068 1046 3132 quarn
1066 3061 1101 3112 ut
1116 3050 1174 3111 viae
1191 3058 1302 3111 vestrae

345 3148 465 3233 jugiter
487 3158 712 3230 prosperentur
725 3148 758 3210 in
776 3148 929 3211 Domino.
973 3150 1203 3212 Salutationem
1218 3147 1304 3212 enirn

351 3248 481 3312 domino
506 3260 538 3312 et
557 3248 639 3333 patri
664 3249 804 3313 debitam
830 3272 1034 3335 nequaquam
1060 3250 1228 3333 suspendit
1248 3248 1302 3312 de-

348 3348 460 3426 iectus,
476 3359 531 3411 aut
552 3348 731 3412 immutatio
754 3350 908 3427 caritatis,
928 3350 985 3414 sed
1008 3352 1154 3413 consulta
1174 3349 1302 3430 dispen-

347 3452 429 3515 satio
439 3462 471 3515 et
482 3451 671 3524 officiorum,
681 3462 713 3514 et
723 3453 865 3514 omnium
879 3473 951 3533 quae
962 3464 1046 3515 recte
1062 3460 1212 3531 geruntur
1222 3450 1301 3512 ratio

348 3550 551 3615 moderatrix.
597 3549 858 3631 Dispensationis
872 3572 946 3612 vero
967 3572 1065 3613 causa
1078 3551 1112 3611 in
1130 3552 1299 3633 propatulo

352 3662 410 3727 est,
425 3662 462 3711 ut
476 3670 548 3711 eam
563 3647 693 3710 omnino
708 3669 773 3709 non
789 3659 945 3731 oporteat,
956 3661 1010 3712 aut
1025 3650 1137 3731 paucis
1151 3649 1305 3734 expediat

353 3750 493 3831 allegari.
538 3750 622 3812 Nam
648 3748 772 3812 insidiis
798 3749 920 3812 domini
946 3751 1032 3831 regis
1056 3750 1169 3814 dicunt
1197 3750 1305 3814 omnia

352 3853 449 3936 plenu
464 3870 545 3920 esse,
555 3862 591 3914 ut
602 3849 696 3912 bonis
711 3850 848 3915 inlicem
861 3853 1067 3937 colloquendi
1078 3864 1133 3916 aut
1143 3852 1304 3916 scribendi

350 3963 454 4016 tutum
477 3973 544 4014 non
568 3951 669 4036 possit
693 3973 763 4015 esse
790 3954 1026 4017 commercium.
1081 3955 1201 4018 Nescio
1225 3952 1304 4037 quid

348 4055 494 4117 frivolum
524 4066 635 4119 eontra
670 4053 887 4118 innocentiam
921 4058 1050 4119 molitur
1077 4055 1241 4138 iniquitas,
1271 4064 1302 4117 et

350 4169 483 4238 urgente
505 4156 635 4220 stimulo
661 4157 869 4220 conscientiae
896 4157 1095 4220 incessanter
1119 4154 1301 4237 pungentis,

350 4271 383 4320 et
411 4258 540 4334 urentis,
566 4277 678 4320 omnes
702 4269 868 4339 suspectos
891 4256 990 4319 habet
1014 4266 1048 4317 et
1076 4255 1202 4329 omnia3
1230 4256 1303 4339 jure

350 4355 479 4439 quidem
500 4369 532 4420 et
555 4356 680 4432 meritc,
701 4356 775 4439 quia
795 4376 863 4439 pax
884 4356 990 4439 impiis
1010 4375 1078 4418 esse
1102 4377 1167 4418 non
1193 4356 1303 4435 debet,

350 4457 458 4519 hostes
480 4477 554 4518 suos
571 4455 697 4539 justitia
717 4455 937 4538 impugnante,
959 4466 991 4519 et
1010 4457 1213 4540 praevalente.
1257 4458 1303 4521 Et

351 4556 493 4640 profecto
515 4554 603 4637 quod
626 4554 716 4617 timet
736 4554 865 4638 impius,
886 4555 992 4619 reniet
1015 4577 1110 4638 super
1132 4578 1216 4634 eum,
1233 4555 1302 4640 jus·

351 4670 466 4742 tusque
489 4656 529 4720 de
551 4655 698 4738 angustia
719 4656 916 4733 liberabitur,
938 4658 1088 4737 quoniam
1109 4678 1146 4720 os
1169 4658 1304 4722 Domini

348 4760 516 4841 loquutum
554 4767 611 4820 est.
670 4755 723 4819 Ad
752 4770 946 4822 momentum
982 4758 1115 4823 turbinis
1151 4757 1302 4823 adversus

350 4861 519 4924 ecclesiam
535 4859 657 4924 malitia
672 4858 899 4940 debacchatur,
911 4873 943 4925 et
957 4861 1108 4926 adversus
1124 4862 1301 4927 Dominum
