3300 6434
418 1225 459 1284 96
667 1236 805 1283 sosuurs
821 1235 1102 1281 siuasnnarnusis
1272 1218 1320 1298 [s.
1337 1238 1369 1281 n.

409 1388 479 1471 jam
502 1388 608 1473 palam
631 1386 770 1472 erumpit
794 1384 951 1470 impietas,
974 1398 1006 1450 et
1030 1397 1065 1449 ut
1088 1384 1251 1451 audaciam
1280 1402 1366 1451 tuam
1411 1382 1417 1390 ’

413 1508 557 1554 exerceas
578 1489 610 1553 in
633 1488 837 1552 innocentum
861 1485 999 1563 laesione,
1024 1489 1170 1550 Romano
1192 1485 1366 1564 schismati,

411 1601 445 1655 et
458 1605 576 1656 nostrae
597 1590 777 1655 infirmitati
792 1610 886 1673 aeque
901 1588 1142 1672 congratularis.
1175 1587 1238 1651 Sed
1253 1602 1366 1673 potens

411 1704 459 1758 est
484 1693 652 1767 Dominus,
675 1713 764 1754 suam
788 1710 932 1754 serenare
956 1688 1144 1765 Ecclesiam,
1165 1701 1199 1754 et
1220 1702 1365 1753 nostrum

411 1816 471 1880 pro
499 1790 700 1878 beneplacito
731 1814 790 1855 suo
819 1789 957 1853 relevare
987 1789 1139 1868 laborem,
1167 1802 1199 1856 et
1227 1790 1285 1855 tibi
1307 1814 1366 1876 pro

411 1895 532 1960 meritis
545 1894 744 1979 respondere.
768 1890 1004 1956 Distuleramus
1013 1914 1139 1977 poenam
1151 1894 1365 1979 suspensionis

409 1996 452 2061 ad
467 2009 604 2082 tempus,
621 1994 688 2071 sed,
705 2008 740 2058 ut
757 1993 876 2057 dicitur
891 2005 927 2057 tu
951 1990 1075 2057 diutius
1089 2014 1216 2077 poennm
1233 2015 1364 2079 suspeu-

411 2097 508 2163 sionis
522 2119 583 2161 non
600 2095 718 2184 pateris
733 2094 894 2180 suspendi.
941 2093 1061 2158 Niteris
1075 2093 1158 2157 enim
1182 2094 1265 2158 sedis
1282 2099 1365 2179 Apo-

410 2197 530 2263 stolicae
542 2207 662 2263 statuta
670 2195 858 2261 convellere.
882 2199 926 2260 Et
934 2196 975 2259 ad
988 2195 1212 2260 succidendam
1225 2195 1361 2260 radicem

409 2297 603 2364 fundaminis
619 2298 679 2375 tui,
695 2296 828 2361 securim
850 2319 1003 2384 prorocas
1021 2298 1234 2362 festinantem.
1279 2300 1364 2363 Con-

410 2409 472 2463 stat
489 2400 573 2464 enim
585 2398 738 2462 dilectum
750 2395 851 2462 filium
863 2411 1006 2462 nostrum
1020 2399 1043 2461 J
1044 2398 1201 2462 ordanum
1215 2400 1363 2463 Saresbe-

409 2500 520 2564 riensis
536 2500 675 2564 ecclesiae
692 2500 921 2564 thesaurarium
935 2523 954 2563 a
969 2502 1110 2565 Domino
1122 2523 1206 2586 papa
1218 2500 1363 2567 Adriano

408 2600 441 2666 in
464 2601 690 2688 possessionem
713 2601 853 2667 ecclesiae
876 2603 917 2666 de
938 2602 1044 2667 Froila
1064 2603 1304 2667 confirmatum:
1329 2620 1361 2668 et

410 2715 446 2769 tu
473 2726 559 2780 eum,
582 2706 663 2767 sicut
688 2703 757 2788 ejus
780 2704 900 2767 indicat
925 2704 1135 2789 querimonia,
1158 2706 1190 2766 in
1213 2704 1360 2789 injuriam

409 2804 684 2891 sedisapostolicae
699 2818 731 2869 et
744 2819 895 2881 nostram,
908 2804 1061 2868 violenter
1071 2818 1104 2870 et
1119 2826 1214 2868 manu
1230 2816 1361 2884 armata,

407 2907 493 2992 qnod
521 2929 588 2970 nec·
601 2907 775 2982 foeminam,
805 2929 863 2969 nec
883 2905 1068 2982 Monialem,
1092 2929 1150 2969 nec
1178 2905 1358 2990 religiosum

408 3005 589 3093 quempiam
602 3006 703 3085 decet,
714 3006 889 3070 destituere
901 3006 1142 3091 praesumpsisti.
1188 3008 1272 3084 Quia
1283 3031 1359 3093 ergo

406 3107 482 3171 eiin
493 3107 623 3191 justitia
644 3107 751 3171 deesse
771 3129 833 3171 non
855 3129 1037 3192 possumus,
1059 3107 1119 3171 tibi
1142 3108 1359 3194 praecipiendo

406 3208 605 3285 mandamus,
622 3220 779 3294 quatenus
793 3211 822 3272 ei
838 3221 895 3274 aut
916 3206 1081 3293 praefatam
1102 3207 1263 3272 ecclesiam
1284 3232 1356 3273 cum

407 3310 588 3376 ablatorum
611 3310 792 3394 integritate
811 3311 878 3374 sine
900 3309 1051 3375 dilatione
1070 3310 1230 3389 restituas,
1250 3325 1305 3374 ant
1326 3311 1356 3374 in

405 3414 526 3478 octavis
540 3413 776 3499 Assumptionis
802 3412 904 3477 beatae
924 3413 1037 3477 Mariae
1053 3424 1161 3475 nostro
1175 3412 1357 3498 conspectui

407 3532 504 3599 super
524 3512 658 3596 objectis
676 3533 829 3598 appareas
848 3534 1067 3598 responsurus.
1112 3509 1204 3575 Licet
1218 3512 1301 3576 enim
1317 3512 1357 3575 de

400 3614 475 3699 jure
490 3626 577 3679 tuam
599 3636 764 3700 possemus
778 3615 893 3700 punire
907 3611 1173 3678 inobedientiam:
1197 3611 1357 3677 malumus

404 3726 509 3778 tamen
524 3737 581 3799 per
601 3715 784 3801 patientiam
805 3727 973 3800 expectare
992 3714 1069 3779 dum
1092 3717 1157 3779 cito
1170 3727 1275 3778 errata
1289 3737 1357 3778 cor-

405 3810 502 3898 rigas,
528 3828 560 3877 et
590 3816 633 3878 sic
654 3815 823 3880 imminens
845 3814 1009 3900 flagellum
1033 3817 1167 3881 evadere
1197 3816 1357 3881 merearis.

406 3914 557 3979 Munitus
571 3929 618 3980 est
639 3917 802 3981 Jordanus
825 3915 1001 4002 apostolico
1020 3916 1197 4000 privilegio,
1214 3920 1356 3981 munitus

403 4030 451 4081 est
463 4016 577 4081 litteris
594 4018 667 4093 tuis,
683 4020 829 4084 munitus
844 4029 892 4081 est
913 4016 1041 4079 testium
1059 4016 1256 4093 sufficientia,
1274 4019 1354 4082 sicut

403 4116 497 4197 nosti,
523 4132 554 4183 et
577 4122 754 4185 meminisse
776 4120 943 4196 debueras,
971 4139 1068 4202 quarn
1093 4116 1240 4197 fideliter,
1256 4140 1353 4201 quam

405 4219 525 4286 utiliter
539 4222 607 4307 ipse
622 4238 653 4288 et
669 4224 718 4287 sui
734 4245 876 4310 persaepe
892 4219 1084 4284 sudaverint.

673 4482 897 4545 EPISTOLA
922 4483 1081 4545 LXXIII.

444 4614 599 4678 Onrsros
625 4612 702 4675 mihi
730 4635 892 4676 successus
916 4611 1210 4689 fortuna‘invidet,
1240 4625 1270 4674 et
1298 4614 1352 4697 pio

400 4712 527 4778 affectui
558 4712 730 4799 soepissime
760 4714 857 4799 impia
886 4712 1076 4777 reluctatur.
1136 4714 1175 4775 In
1206 4713 1353 4797 partibus

402 4816 513 4879 vestris
535 4817 638 4881 cordis
662 4820 722 4880 mei
753 4817 922 4880 thesaurus
945 4817 1067 4900 pridem
1093 4816 1214 4880 locatus
1237 4826 1296 4893 est,
1319 4830 1350 4879 et
