3300 6434
310 1261 502 1342 llto—dtl
693 1280 871 1325 narsrona.
1198 1266 1254 1323 161

307 1433 518 1515 negotiorum,
534 1430 628 1495 variis
649 1432 747 1495 curioe
769 1430 1042 1516 occupationibus,
1058 1442 1090 1494 et
1104 1430 1148 1493 rei
1164 1430 1257 1495 fami·

304 1531 392 1597 liaris
421 1531 660 1597 necessitatibus
689 1531 892 1618 impeditum,
923 1532 1096 1595 amicorum
1127 1531 1254 1618 petitio·

305 1632 399 1699 nibus
408 1633 641 1719 promovendis,
653 1632 780 1697 nisialio
786 1633 948 1709 incitante,
961 1654 1071 1696 vacare
1083 1655 1143 1696 non
1153 1655 1254 1719 posse.

306 1734 357 1798 De
373 1748 481 1799 vestra
495 1735 606 1819 itaque
621 1733 837 1799 familiaritate
857 1756 1062 1820 praesumens,
1078 1756 1201 1819 precor,
1217 1746 1255 1798 ut

305 1833 454 1921 inspectis
463 1835 667 1921 litterisquas
681 1836 709 1899 ei
725 1836 831 1914 mitto,
847 1837 951 1922 ipsum
968 1835 1007 1899 ad
1020 1835 1252 1900 reformandam

305 1936 383 1999 milri
392 1935 511 2000 domini
522 1937 606 2020 regis
617 1940 751 2023 gratiam
762 1939 918 2016 animetis,
927 1953 958 2001 et
971 1951 1151 2002 recurrente
1160 1938 1257 2023 scrip-

306 2048 492 2103 tovestrum
503 2038 959 2125 mihiconsiliumsignificetis.
1004 2040 1172 2117 Quomodo
1181 2062 1256 2104 vero

306 2139 455 2205 dominus
483 2164 551 2221 rex,
576 2141 694 2205 domiui
717 2165 819 2228 papae,
843 2141 1080 2206 cantuariensis
1101 2140 1254 2227 episcopi,

303 2253 335 2304 et
350 2241 526 2305 cancellarii
542 2243 590 2307 sui
605 2243 775 2329 petitiones
788 2243 934 2331 accipiat,
955 2242 1125 2327 diligenter
1140 2242 1255 2307 litteris

306 2346 432 2422 vestris,
447 2344 471 2407 si
488 2343 603 2428 placet,
619 2344 792 2410 rescribite.
824 2341 974 2408 Amicum
991 2343 1146 2430 siquidem
1163 2342 1255 2427 longe

308 2442 473 2508 honestius
502 2458 549 2508 est
571 2444 725 2510 veraciter
747 2443 945 2531 praemuniri,
976 2465 1071 2529 quam
1102 2441 1258 2507 fallaciter

305 2543 422 2630 decipi.
470 2544 583 2609 Jacula
609 2568 739 2630 quoque
760 2545 866 2609 minus
888 2543 1022 2621 loedunt,
1045 2565 1119 2629 quaa
1141 2546 1255 2629 preri-

304 2645 431 2712 dentur.

347 2904 572 2968 EPISTOLA
597 2904 813 2969 extit-m
829 2924 927 2968 naurs
942 2922 1211 2968 canonsusaruu.

679 3006 759 3087 [an.
775 3007 883 3087 1159]

619 3141 822 3203 cancellario
837 3139 943 3223 Rapis.

350 3256 460 3320 larun
468 3254 673 3342 multiplices,
682 3269 713 3319 et
723 3255 880 3340 gravesin
890 3256 1107 3320 mesaerientis
1115 3256 1253 3322 fortunas

306 3356 447 3443 injurias,
456 3355 535 3422 nihil
546 3380 584 3421 eo
595 3357 759 3422 molestius
769 3356 848 3438 fero,
856 3357 944 3443 quod
956 3357 1128 3421 amicorum
1142 3356 1254 3420 solatio

302 3457 476 3524 destitutus
492 3459 646 3525 neminem
670 3480 819 3524 curarum
842 3458 973 3533 socium,
991 3477 1048 3521 aut
1063 3457 1250 3543 participem

300 3563 443 3624 moeroris
463 3558 597 3622 invenio.
645 3561 684 3622 In
699 3582 766 3643 quo
780 3555 904 3620 calculo
924 3579 990 3620 sors
1013 3578 1083 3619 mea
1098 3567 1251 3635 versetur,

304 3661 384 3725 citra
399 3683 477 3723 meae
497 3660 732 3745 conquestionis
747 3656 919 3744 judicium,
933 3680 972 3721 ex
988 3656 1037 3720 his
1051 3679 1125 3744 quae
1141 3657 1254 3723 ridetis

303 3775 336 3826 et
350 3760 480 3839 auditis,
502 3774 534 3825 et
549 3782 622 3846 quas
642 3760 739 3844 longo
754 3757 911 3823 didicistis
932 3758 1147 3844 experimento
1161 3760 1253 3825 facile

300 3860 446 3948 poteritis
456 3857 642 3944 intelligere.
667 3861 714 3925 Ut
724 3872 829 3924 tamen
839 3881 912 3945 quse
922 3859 1088 3946 sit,paucis
1099 3863 1250 3947 aperiam.

302 3963 355 4026 Ex
386 3985 452 4047 quo
473 3960 547 4025 socii
569 3959 669 4025 nostri
690 3984 711 4025 a
731 3961 823 4026 vobis
853 3960 1029 4040 redierunt,
1050 3984 1248 4027 communem

301 4065 488 4142 Dominum,
503 4084 554 4127 me
576 4063 642 4127 fere
661 4063 801 4140 excluso,
816 4063 878 4127 nisi
899 4085 997 4149 quum
1020 4085 1118 4128 onera
1131 4064 1250 4128 fuerint

302 4166 477 4242 subeunda,
493 4188 585 4230 suum
601 4163 763 4252 promissis
777 4177 809 4230 et
825 4164 1007 4228 rumoribus
1021 4163 1205 4228 effecerunt.

523 4282 584 4333 Non
597 4283 718 4351 equidem
729 4280 843 4343 invideo,
855 4280 932 4331 miror
944 4279 1038 4345 magis.

304 4384 335 4447 Si
352 4384 431 4469 quid
447 4406 524 4467 ergo
538 4394 644 4467 potest
659 4383 747 4467 apud
762 4378 979 4443 excellentiam
996 4390 1132 4442 vestram
1148 4382 1252 4465 parri·

300 4484 375 4548 tatis
396 4504 475 4546 meae
497 4480 635 4559 devotio,
657 4483 682 4544 si
706 4501 770 4565 qua
790 4490 839 4542 est
860 4478 1002 4564 antiquoe
1028 4477 1250 4547 familiaritatis

298 4582 459 4658 memoria,
472 4580 497 4645 si
509 4594 662 4668 spectatae
672 4580 821 4644 amicitiae
836 4580 943 4655 tidem,
955 4580 1094 4643 sortunae
1108 4578 1247 4667 impetus

301 4706 362 4747 non
383 4681 550 4758 subvertit,
566 4679 598 4743 id
616 4680 711 4765 agite,
727 4701 793 4765 quo
807 4677 997 4743 serenissimi
1012 4678 1131 4743 domini
1147 4675 1263 4749 nostri‘

299 4784 383 4869 regis
404 4782 505 4865 gratis
520 4784 552 4845 in
574 4802 624 4843 me
646 4790 798 4864 concepta
819 4778 999 4861 indignatio
1020 4777 1196 4863 mitigetur,
1212 4792 1248 4849 ut

298 4908 357 4971 pro
372 4882 492 4948 arbitro
514 4884 583 4968 ejus
605 4902 751 4945 excusem
774 4880 984 4944 innocentiam
1008 4901 1121 4960 meam,
1142 4897 1198 4948 aut
1219 4887 1245 4951 si

346 5007 418 5051 von.
434 5007 455 5051 r.
760 5002 784 5045 u
