3300 6434
279 1263 479 1342 litu-nt]
666 1275 846 1321 sermons.
1176 1259 1236 1321 165

279 1452 341 1494 non
357 1452 485 1515 arguor,
502 1428 556 1493 sed
578 1426 665 1514 quod
681 1426 763 1490 vires
778 1449 864 1490 meas
879 1424 1006 1489 omnino
1025 1423 1229 1500 transcendit,

275 1544 308 1595 et
323 1530 510 1616 parvitatem
526 1552 626 1594 meam
638 1526 862 1611 magnitudine
873 1526 922 1590 sui
937 1525 1055 1611 poterit
1067 1547 1230 1600 excusare,

274 1630 307 1692 in
333 1629 544 1693 innocentiam
576 1651 676 1692 meam
702 1625 901 1713 impingitur.
948 1625 1042 1690 Solus
1066 1624 1098 1689 in
1129 1647 1229 1709 regno

275 1731 394 1814 regiam
425 1729 514 1794 dicor
542 1730 684 1793 minuere
711 1729 919 1812 majestatem.
964 1729 1074 1801 Quum
1100 1723 1231 1789 admissi

277 1829 339 1894 mei
368 1832 490 1896 sactum
527 1831 710 1914 diligentius
748 1829 942 1914 exprimunt,
972 1828 1041 1894 baec
1068 1828 1101 1892 in
1131 1838 1229 1912 caput

279 1953 385 1995 meum
416 1930 611 2017 intorquent.
663 1929 756 2007 Quod
795 1929 869 2016 quis
897 1951 1010 1992 nomen
1048 1929 1230 1992 Romanum

278 2030 365 2116 apud
390 2052 449 2096 nos
474 2031 612 2109 invocat,
636 2031 715 2093 mibi
741 2034 920 2116 imponunt.
966 2028 1065 2102 Quod
1091 2030 1123 2091 iu
1151 2027 1230 2091 elec·

279 2132 419 2197 tionibus
443 2131 648 2207 celebrandis,
674 2131 707 2195 in
733 2131 839 2194 causis
867 2129 1083 2194 ecclesiasticis
1110 2129 1231 2192 axami-

279 2232 403 2311 nandis‚
425 2232 476 2297 vel
499 2235 645 2297 umbram
668 2231 825 2297 libertatis
849 2232 947 2295 audet
970 2231 1030 2296 sibi
1052 2231 1231 2316 Anglorum

279 2333 410 2397 ecclesia
429 2334 606 2409 vendicare,
628 2333 706 2396 mihi
732 2335 934 2419 imputatur;
961 2355 998 2397 nc
1017 2331 1042 2395 si
1064 2331 1232 2395 dominum

281 2435 554 2512 Cantuariensem,
570 2448 603 2499 et
625 2433 708 2498 alios
727 2434 903 2521 episcopos,
918 2435 996 2519 quid
1012 2434 1116 2497 facere
1137 2456 1231 2518 opor·

281 2550 347 2601 teat
373 2537 461 2600 solus
475 2537 641 2601 instruam.
689 2535 750 2599 His
769 2535 810 2599 de
825 2540 929 2601 causis
953 2550 1040 2600 totus
1055 2534 1231 2611 concutior,

281 2625 400 2724 qiribus
418 2638 513 2702 etiam
537 2637 725 2721 urgentibus
748 2636 827 2701 milri
853 2638 995 2702 creditur
1018 2637 1150 2702 exilium
1173 2637 1233 2700 im-

280 2739 406 2803 minere.
454 2741 528 2823 Ego
551 2738 632 2802 illud
657 2752 789 2825 propter
806 2740 1021 2825 justitiam,si
1043 2738 1232 2825 oportuerit,

281 2862 343 2903 non
359 2839 455 2903 modo
476 2840 709 2925 aequanimiter,
725 2840 780 2903 sed
804 2841 898 2906 etia·
914 2864 987 2905 oum
1012 2839 1131 2926 gaudio
1155 2839 1233 2905 tole-

282 2942 370 3006 rabo.
415 2942 512 3004 Unde
528 2941 613 3006 infra
634 2941 782 3005 calendas
805 2943 976 3006 Januarias
991 2966 1041 3006 me
1055 2944 1169 3028 opinor
1192 2942 1233 3006 ab

283 3042 399 3128 Anglia
422 3041 596 3119 exiturum,
617 3056 649 3105 et
672 3042 800 3126 quidem
827 3043 938 3107 habito
963 3043 1093 3107 consilio
1118 3055 1233 3117 vestro,

281 3155 315 3207 et
330 3153 529 3205 moraturum
545 3141 578 3203 in
602 3140 727 3221 Galliis,
742 3155 774 3206 et
788 3143 865 3205 inde
878 3141 920 3205 ad
945 3147 1120 3208 Romarrnm
1136 3144 1235 3207 ecole-

281 3242 360 3306 siam
377 3239 599 3305 transiturum.
645 3239 778 3305 interim
793 3255 931 3328 quantas
945 3265 1075 3329 possum
1097 3242 1234 3308 bonitati

283 3358 399 3409 vestrae
413 3342 532 3428 gratias
546 3366 607 3426 ago
624 3365 681 3428 pro
698 3344 816 3408 honore
831 3360 863 3408 et
877 3344 1076 3424 liberalitate,
1087 3367 1184 3430 quam
1201 3344 1234 3407 in

281 3447 410 3511 fratrem
428 3467 533 3509 meum
549 3445 745 3526 exercuistis,
760 3457 792 3510 et
807 3460 845 3510 ut
862 3446 929 3510 vice
944 3470 1013 3510 mea
1027 3446 1135 3509 abbati
1158 3444 1235 3511 Bul·

282 3547 451 3612 lecurtensi
473 3546 513 3609 de
537 3543 715 3612 visitatione
738 3546 850 3611 fratris
871 3548 933 3610 mei
953 3548 1073 3631 gratias
1089 3546 1234 3613 reseratis

280 3670 387 3712 exoro.
423 3650 606 3729 Postquam
621 3648 713 3709 Prior
723 3645 764 3709 de
775 3646 1013 3711 Cantumeruloe
1025 3646 1147 3712 litteras
1157 3648 1234 3712 istas

282 3760 403 3813 secreto
417 3745 600 3831 inspexerit,
611 3768 649 3808 ne
665 3745 705 3809 ad
721 3745 830 3812 oculos
844 3759 875 3810 et
891 3769 982 3812 aures
996 3748 1136 3835 plurium
1148 3762 1234 3814 tran·

285 3862 376 3914 seant
390 3847 566 3935 providete.

314 4105 557 4172 ‚EPISTOLA
581 4107 789 4173 CXVI.-sn
805 4127 952 4172 rnousu
970 4073 1191 4174 rammsrrdu

661 4227 868 4272 cssasusun.

523 4339 656 4400 Thomae
671 4339 852 4420 Praeposito
868 4337 1013 4405 Cellensi.

332 4456 509 4518 lusrscms
523 4452 637 4516 litteris
652 4475 731 4539 quas
745 4453 877 4519 domino
892 4456 1029 4521 Cellensi
1046 4460 1237 4536 transmitto,

287 4569 406 4619 statum
429 4575 535 4618 meum
557 4575 616 4639 pro
639 4567 729 4640 perte
750 4556 904 4643 conjicere
928 4559 1043 4643 poterit
1068 4559 1241 4645 prudentia

289 4669 402 4722 vestra.
435 4654 528 4733 Quod
538 4667 644 4719 autern
658 4656 836 4742 specialiter
845 4657 885 4721 ad
897 4682 952 4723 ros
960 4673 1092 4745 spectat,
1103 4662 1240 4729 amicum

289 4771 430 4823 vestrum
454 4758 492 4822 P.
515 4779 627 4823 sanum
649 4780 715 4822 esse
737 4758 853 4837 sciatis,
876 4773 908 4825 et
930 4763 1129 4844 incolumem,
1150 4776 1182 4829 et
1207 4764 1241 4830 in

289 4882 406 4946 magna
420 4863 631 4947 prosperitate
646 4861 772 4925 versari.
816 4861 913 4929 lllum
930 4886 1005 4929 vero
1019 4889 1115 4952 quem
1131 4869 1243 4934 vestris
