3300 6434
306 1252 501 1332 noa-oa]
616 1303 622 1315 .
680 1269 857 1316 srrsrora.
1192 1260 1252 1320 147

1111 1348 1127 1380 U

293 1421 385 1485 nobis
401 1443 460 1507 pro
476 1419 650 1484 reverentia
666 1432 782 1483 nostra.
830 1418 864 1482 Si
878 1431 985 1482 autem
1006 1419 1046 1484 ad
1061 1433 1248 1488 extraneum

292 1522 344 1587 vel
361 1521 564 1608 peregrinum
581 1532 714 1605 urgente
729 1519 913 1584 necessitate
931 1520 1144 1607 confugimus,
1159 1524 1249 1589 time·

290 1646 373 1699 mus,
391 1646 430 1687 ne
446 1645 504 1709 pro
519 1622 604 1708 pisce
619 1631 808 1707 serpentem,
823 1635 881 1685 aut
898 1643 937 1685 ne
959 1645 1018 1708 pro
1032 1647 1092 1687 oro
1106 1624 1248 1710 porrigat

294 1725 502 1811 scorpionem.
547 1726 707 1788 Praeterea
725 1745 800 1786 oves
816 1736 930 1789 vestrae
949 1736 1084 1789 autnon
1100 1726 1247 1802 audiunt,

293 1838 350 1891 aut
374 1827 478 1890 minus
500 1825 636 1891 audiunt
659 1847 767 1889 vocem
790 1825 974 1891 alienorum.
1013 1827 1099 1905 Quid
1122 1828 1247 1893 multa?

287 1929 447 2013 jacturam
470 1928 613 2005 Domini,
629 1950 702 2013 quae
723 1927 869 2014 quotidie
884 1928 921 1993 fit
942 1928 974 1992 in
991 1930 1086 1993 rebus
1105 1945 1137 1995 et
1153 1931 1248 1995 mori·

292 2035 365 2106 bus,
377 2053 439 2094 non
456 2027 616 2093 su'fficiunt
628 2051 786 2094 enarrare.
816 2029 937 2094 Audite
948 2053 1033 2113 ergo,
1046 2031 1250 2097 dilectissime

291 2132 390 2196 frater
405 2132 437 2195 in
454 2130 608 2205 Domino,
621 2130 785 2216 planctum
801 2130 1020 2207 esurientium,
1033 2132 1143 2198 audite
1158 2157 1249 2199 voces

292 2234 488 2320 vagientium
512 2232 731 2318 parvulorum,
755 2232 864 2296 audite
891 2255 999 2297 vocem
1027 2256 1150 2321 sponsae
1173 2259 1247 2323 quae

290 2358 396 2399 amore
411 2338 553 2420 languet,
568 2347 599 2398 et
616 2347 721 2398 vestro
736 2333 893 2398 desiderio
909 2334 1085 2402 intabescit.
1124 2339 1248 2405 Audite

291 2435 430 2522 denique
447 2458 553 2499 vocem
570 2435 687 2521 sponsi,
703 2434 760 2522 qui
782 2458 838 2499 vos
852 2436 1017 2501 constituit
1042 2460 1139 2523 super
1154 2439 1247 2505 lami·

293 2537 368 2601 liam
394 2559 496 2614 suam,
522 2550 559 2601 ut
584 2536 621 2620 ei
639 2536 746 2600 cibum
773 2536 855 2601 detis
879 2536 911 2599 in
936 2551 1087 2623 tempore·
1132 2540 1249 2607 Redite

292 2639 406 2725 itaque
425 2637 465 2701 ad
486 2636 648 2701 ecclesiam
673 2651 820 2712 vestram,
837 2651 868 2700 et
892 2650 991 2701 totam
1007 2638 1142 2703 insulam
1165 2643 1249 2729 sapi·

294 2740 390 2803 entiae
418 2752 450 2803 et
476 2736 605 2801 virtutis
631 2748 745 2800 vestrae
771 2735 870 2799 radiis
895 2734 1064 2802 illustrate.
1102 2744 1171 2804 Nec
1193 2763 1249 2805 vos

293 2851 440 2905 moveant
454 2839 571 2901 damna
586 2859 704 2912 rerum,
720 2859 816 2921 quem
837 2836 1009 2921 respiciunt
1025 2840 1166 2924 pericula
1180 2842 1249 2906 aui·

294 2962 429 3003 marum.
450 2969 457 2980 ⁴
474 2936 691 3002 Proculdubio
707 2937 806 3000 satius
820 2950 867 3000 est
884 2949 914 3000 et
931 2938 1067 3023 aequius,
1084 2953 1121 3005 ut
1137 2942 1249 3007 sollici-

295 3038 417 3104 tudinis
443 3051 557 3102 vestrae
579 3036 776 3121 vigilantiam
803 3037 975 3101 commissis
999 3041 1089 3105 vobis
1111 3043 1248 3109 ecclesiis

293 3139 494 3226 impendatis,
508 3160 603 3225 quam
619 3137 739 3202 alienis.
779 3140 939 3204 Dominus
950 3163 1009 3206 rex
1024 3142 1064 3206 de
1079 3146 1249 3211 securitate

294 3259 400 3308 vestra
417 3264 474 3305 nos
494 3240 569 3306 fecit
592 3263 727 3321 securos,
745 3253 778 3306 et
799 3240 939 3322 duobus,
958 3264 1039 3328 quos
1060 3247 1247 3311 nominatim

292 3344 446 3417 excludit,
470 3342 622 3428 exceptis,
647 3363 727 3427 quos
753 3342 929 3420 volueritis,
951 3343 991 3407 ad
1018 3344 1155 3428 gratiam
1177 3348 1249 3432 ejus

292 3446 437 3534 poteritis
451 3444 661 3509 introducere.
701 3446 769 3508 Nos
784 3455 891 3506 autem
913 3444 1031 3508 reditui
1048 3459 1155 3511 vestro
1174 3470 1248 3512 con.

292 3546 538 3635 gratulabimur,
554 3558 586 3610 et
608 3544 766 3630 quicquid
788 3545 901 3610 auxilii
923 3543 974 3609 vel
988 3547 1108 3611 consilii
1130 3551 1247 3636 poteri·

295 3671 377 3729 mus,
392 3646 504 3711 libenti
519 3646 624 3709 animo
638 3644 846 3708 conferemus.
878 3645 965 3711 Vale.

329 3966 568 4031 EPISTOLA
592 3966 807 4033 XCIX-an
823 3989 977 4037 nonnam.
1005 3976 1213 4052 [1111157]

665 4132 755 4197 Idem
770 4135 881 4199 eidem

336 4254 460 4314 Amcls
479 4248 611 4333 nostris,
635 4265 769 4333 urgente
791 4251 975 4315 tentationis
996 4253 1143 4333 articulo,
1164 4253 1248 4321 illam

299 4348 421 4412 consilii
438 4352 520 4412 viam
536 4347 731 4412 credidimus
745 4350 985 4428 ostendendam,
995 4374 1069 4439 qnae
1079 4354 1252 4422 honestatis

295 4449 410 4535 specie,
425 4461 483 4513 aut
503 4447 654 4513 utilitatis
673 4448 794 4528 fructu,
815 4451 944 4516 videtur
965 4475 1033 4538 pare
1055 4457 1178 4522 caeteris
1195 4458 1250 4524 eli-

294 4546 410 4635 genda.
453 4551 499 4613 Et
522 4546 595 4613 licet
618 4548 810 4634 ambigentis
832 4550 957 4616 animus
972 4568 1057 4618 recte
1071 4556 1249 4625 consulenti

294 4649 514 4733 obtemperare
535 4648 700 4726 detrectet,
726 4651 869 4717 caritatis
890 4667 995 4719 tamen
1018 4656 1170 4722 instantia
1187 4682 1249 4725 non

296 4746 441 4836 quiescit,
450 4748 550 4815 donec
562 4751 769 4816 reluctantem
782 4754 918 4820 amicum
929 4755 969 4818 ad
984 4756 1066 4821 bona
1077 4760 1252 4844 pertrahat,

297 4849 347 4913 vel
363 4849 515 4914 inritum.
563 4852 614 4915 Sic
626 4874 695 4931 nos,
710 4854 882 4918 reverende
895 4868 927 4920 et
937 4858 1150 4925 amantissime
1159 4860 1258 4927 frater

755 4962 810 5019 ct
