3300 6434
353 1273 526 1352 tlon-a]
737 1291 914 1336 sclarola.

535 1492 753 1556 EPISTOLA
805 1495 1106 1555 ll.-unaounau.

610 1628 753 1689 Domino
764 1646 861 1707 popa
879 1628 1036 1690 Adriano.

390 1761 444 1824 Ex
465 1759 615 1823 mandato
635 1758 819 1845 apostolicae
840 1759 924 1822 sedis
947 1759 1028 1823 lator
1049 1761 1162 1824 borum
1180 1764 1299 1824 Beren-

345 1861 454 1945 garius
472 1863 505 1924 iu
526 1874 633 1924 nostra
655 1860 825 1946 praesentia
846 1862 934 1942 stetit
950 1862 1103 1926 adversus
1124 1862 1295 1944 Rogerium

345 1962 387 2026 de
417 1961 623 2026 pichewurda
652 1972 794 2036 acturus,
822 1976 854 2025 et
885 1976 957 2046 post
984 1960 1102 2026 multas
1129 1964 1297 2047 utriusque

344 2064 446 2150 partis
470 2063 674 2147 allegationes
697 2063 779 2126 inter
801 2086 855 2127 eos
877 2062 1088 2147 compositum
1114 2065 1186 2127 luit.
1234 2066 1295 2127 Sed

345 2187 385 2229 ne
409 2187 556 2253 processu
585 2163 736 2250 temporis
765 2163 847 2228 alter
876 2164 1032 2229 adversus
1062 2164 1198 2229 alterum
1229 2190 1297 2231 sus-

345 2265 464 2331 citandi
485 2264 573 2330 litem
597 2265 691 2330 ullam
715 2278 821 2351 posset
846 2265 961 2328 habere
984 2266 1190 2342 occasionem,
1212 2291 1297 2331 com-

345 2367 532 2454 positionem
549 2368 630 2432 inter
645 2388 698 2430 eos
712 2367 829 2432 factam
847 2366 921 2430 fidei
945 2367 1097 2451 religione
1113 2370 1297 2453 juramento

343 2468 478 2532 lecimus
501 2469 653 2532 roborari.
698 2471 798 2531 Porro
821 2469 978 2554 praefatus
1005 2471 1159 2555 llogerius
1185 2472 1298 2535 nihilo-

346 2570 461 2648 minus,
484 2583 594 2634 contra
616 2570 792 2657 pactionem
816 2570 903 2634 illam
930 2570 1057 2635 veniens
1077 2584 1109 2637 et
1130 2572 1204 2636 fidei
1228 2573 1298 2637 reli·

345 2672 483 2757 gloriam,
497 2672 718 2759 compositioni
742 2687 826 2737 stare
849 2673 962 2750 noluit,
987 2675 1026 2737 de
1051 2676 1168 2759 quoin
1192 2690 1299 2740 nostra

346 2774 511 2840 convictus
534 2774 711 2862 praeseutia,
734 2776 950 2861 suspensionis
972 2798 1098 2861 poenam
1114 2779 1299 2863 reportavit,

346 2897 444 2959 quam
469 2888 579 2961 postea
602 2898 659 2960 per
681 2875 929 2940 satisfactionem
952 2899 1137 2961 congruam,
1153 2900 1250 2962 quam
1266 2902 1299 2941 se

348 2978 567 3064 praestiturum
578 2978 786 3063 promittebat
798 2979 1011 3054 ....evadens,
1021 2980 1136 3044 iterum
1148 2980 1300 3063 tergiver-

348 3082 410 3144 sari
426 3079 534 3166 coepit,
550 3094 581 3145 et
605 3090 642 3144 ut
657 3103 770 3146 manus
786 3094 908 3145 nostras
928 3081 1089 3156 evaderet,
1106 3082 1146 3145 ad
1163 3096 1299 3147 vestram

347 3182 522 3271 appellavit
549 3182 762 3270 praesentiam,
788 3183 872 3247 diem
899 3185 1066 3270 praeligens
1089 3183 1301 3263 Dominicam‚

348 3307 414 3369 qua
450 3299 597 3350 cantatur
635 3287 765 3351 Latara
803 3284 1022 3350 Hierusalem.
1077 3290 1127 3350 Ne
1164 3300 1299 3349 vestram

349 3386 458 3472 itaque
481 3388 579 3473 possit
602 3388 832 3452 circumvenire
855 3387 1068 3464 clementium,
1083 3411 1185 3473 quum
1203 3390 1301 3450 muni-

348 3488 515 3553 festissime
536 3488 647 3553 c'ontra
668 3489 764 3553 fidem
792 3490 913 3552 venisse
939 3502 971 3552 et
989 3490 1218 3573 juramentum,
1242 3510 1301 3573 pro

348 3602 436 3653 certo
452 3590 529 3654 sciat
541 3591 714 3655 eminentia
729 3603 843 3653 vestrae
858 3587 1044 3652 sanctitatis.

529 3898 751 3962 uersuum
796 3866 1117 3962 iri-insonum.

612 4034 754 4095 Domino
767 4051 863 4112 popa
882 4029 1039 4095 Adriano.

394 4169 449 4232 Ur
477 4169 517 4232 de
541 4165 602 4244 his,
626 4189 701 4252 quae
727 4165 768 4228 ad
793 4186 887 4228 aures
913 4166 1091 4230 sanctitatis
1122 4182 1234 4231 vestrae
1260 4169 1300 4231 ab

349 4270 503 4335 insulanis
517 4268 633 4332 nostris
649 4267 868 4354 perferuntur,
883 4265 1012 4351 cognita
1034 4268 1078 4330 rei
1095 4269 1195 4333 totius
1210 4272 1301 4344 serie,

351 4371 464 4437 melius
478 4395 514 4435 ac
531 4369 668 4434 lucidius
678 4368 826 4454 judicare
842 4367 980 4453 possitis,
996 4369 1036 4432 de
1053 4370 1151 4434 latore
1167 4393 1302 4454 prasen-

351 4474 444 4550 tium,
460 4485 620 4557 quatenus
634 4470 756 4533 factum
772 4469 866 4533 nobis
881 4468 1033 4545 innotuit,
1051 4483 1187 4533 vestram
1204 4471 1302 4534 mitti-

351 4598 423 4640 mus
438 4572 611 4638 certificare
621 4570 850 4635 excellentiam.
896 4569 1031 4654 Bajulus
1042 4571 1171 4655 quidem
1188 4571 1302 4636 horum

351 4701 371 4742 a
397 4675 570 4742 venerabili
592 4674 691 4738 fratre
716 4685 823 4737 vestro
849 4671 991 4736 Henrico
1021 4672 1113 4737 bonae
1143 4672 1303 4737 memoriae

354 4778 546 4844 Eboracensi
584 4776 820 4862 archiepiscopo
863 4773 1030 4860 presbyter
1068 4776 1234 4839 ordinatus
1270 4778 1301 4840 in

353 4882 464 4947 ordine
491 4900 551 4945 suo
576 4878 763 4963 aliquandiu
793 4876 1004 4942 ministravit:
1037 4879 1171 4962 contigit
1197 4891 1304 4941 autem

802 4979 858 5039 aa
1083 4977 1085 4979 ’
