3300 6434
352 1266 547 1345 llto-ot.]
741 1279 923 1326 aarssoaar.
1246 1265 1306 1325 168

345 1433 465 1499 cultate
485 1456 547 1497 non
571 1444 723 1519 poterunt
746 1431 916 1495 conveniri.
964 1430 1048 1494 Mihi
1071 1430 1213 1517 quidem,
1228 1428 1300 1495 licet

343 1534 506 1621 paulisper
525 1535 672 1612 haeream,
689 1532 874 1620 persuaderi
898 1555 960 1597 non
983 1546 1100 1619 potest,
1116 1532 1206 1619 quod
1229 1554 1300 1616 par·

343 1636 385 1701 tis
400 1635 543 1701 adversae
554 1636 680 1700 sinistra
691 1634 844 1699 adversus
857 1633 1024 1699 dexteram
1043 1635 1181 1699 Romani
1198 1635 1300 1720 ponti·

347 1737 415 1803 ficis
429 1737 644 1822 praevaluerit.
683 1736 763 1800 Levi
777 1749 881 1801 tamen
897 1736 1075 1822 gestamine
1086 1736 1300 1821 integritatem

349 1839 482 1922 virginis
520 1861 702 1925 oppressam
743 1838 918 1923 majestatis
952 1837 1067 1914 verbis,
1097 1836 1304 1901 frandulenta

352 1942 511 2005 Senonum
528 1940 707 2026 irruptione
721 1939 789 2002 fere
804 1939 987 2003 subversam
1009 1940 1147 2004 memini.
1193 1940 1303 2003 Debu-

350 2056 419 2106 erat
444 2041 547 2106 Roma
573 2044 710 2106 Senones
733 2047 798 2104 “et
821 2039 907 2103 dona
926 2041 1081 2104 ferentes'‘
1105 2039 1221 2103 babere
1235 2061 1304 2103 sus-

351 2155 469 2229 pectos.
516 2142 579 2207 Sed
609 2141 795 2206 cubicularii
822 2152 855 2204 ct
885 2164 1054 2205 assessores
1083 2140 1244 2228 principis,
1270 2153 1326 2231 et·

351 2243 431 2308 sacri
458 2243 570 2330 palatii
599 2256 772 2330 quaestores
801 2242 1046 2328 diligentissimi,
1075 2243 1137 2307 sub
1165 2242 1303 2326 imagine

347 2345 432 2429 juris
447 2344 645 2432 praesidentis
660 2343 740 2409 sorte
761 2343 947 2428 religionem
968 2344 1256 2422 circumvenerunt,
1271 2356 1303 2408 et

353 2446 477 2523 Gallos,
492 2446 568 2511 dum
585 2459 834 2530 emungerentur
849 2459 1040 2510 censuerunt
1055 2445 1192 2511 admitti.
1229 2446 1304 2510 Non

352 2546 501 2633 equidem
522 2545 651 2610 invideo
673 2546 869 2610 successibus
891 2568 1014 2622 eorum,
1030 2545 1084 2609 sed
1108 2563 1174 2610 tuae
1195 2559 1228 2611 et
1249 2544 1305 2610 do-

352 2647 429 2711 mini
458 2646 661 2733 praecentoris
697 2645 816 2710 loesioni
856 2648 1043 2733 compatior,
1073 2659 1163 2712 tanto
1192 2648 1305 2732 magis,

351 2761 474 2834 quanto
488 2748 594 2812 minus
608 2748 658 2814 his
673 2748 763 2812 malis
779 2749 897 2812 mederi
914 2771 1054 2835 possum.
1095 2749 1204 2813 Facies
1217 2772 1305 2813 nam-

354 2871 418 2934 que
440 2870 546 2911 rerum
569 2870 644 2933 quae
666 2849 753 2934 apud
769 2871 825 2912 vos
847 2862 923 2913 sunt
945 2849 1024 2913 mibi
1049 2852 1158 2932 ignota
1179 2864 1239 2925 est,
1253 2872 1307 2912 ne-

353 2948 432 3033 gotii
447 2949 532 3012 vires
548 2971 587 3012 ex
603 2948 746 3012 absentia
764 2970 833 3012 mea
857 2950 950 3034 plena
972 2972 1034 3013 non
1057 2972 1185 3036 possum
1201 2950 1307 3037 inqui-

353 3048 467 3112 sitione
492 3047 662 3126 discutere,
687 3048 861 3114 incidentes
887 3049 1037 3114 articulos
1061 3051 1143 3114 citra
1165 3051 1305 3136 partium

355 3152 542 3214 assertiones
557 3152 738 3214 examinare
760 3172 822 3213 non
840 3150 940 3228 valeo,
955 3162 988 3215 et
1009 3153 1052 3216 ob
1074 3152 1179 3215 hocin
1203 3175 1237 3215 re
1258 3153 1306 3216 in-

355 3270 443 3314 certa
464 3250 523 3314 tibi
545 3272 607 3315 non
631 3274 759 3337 possum
786 3252 865 3316 certi
888 3253 1012 3318 consilii
1034 3253 1137 3318 facere
1162 3254 1304 3339 copiam:

355 3352 416 3416 boc
439 3352 511 3428 tibi,
535 3366 665 3417 auctore
690 3356 840 3431 Domino,
862 3356 972 3419 innata
994 3368 1026 3419 et
1051 3355 1209 3440 exquisita
1232 3375 1307 3437 pru·

356 3454 476 3533 dentia,
498 3454 669 3519 amicornm
692 3454 756 3518 fida
778 3455 942 3533 sedulitas,
960 3456 1139 3539 sapientum
1161 3454 1309 3517 affectata

357 3554 525 3619 instructio
550 3555 643 3640 longe
673 3555 870 3620 commodius
900 3555 1076 3641 praestabit,
1101 3568 1308 3619 veruntamen

360 3656 427 3719 sine
455 3655 576 3718 consilii
600 3655 798 3741 praejudicio,
819 3657 1001 3721 interventu
1024 3656 1144 3721 domini
1167 3656 1309 3722 Altissio-

359 3755 501 3820 dorensis
530 3756 682 3840 episcopi,
713 3769 750 3820 ut
779 3778 889 3842 preces
917 3757 1038 3822 domini
1067 3780 1160 3844 papae
1189 3782 1248 3846 pro
1278 3774 1309 3825 te

357 3867 519 3943 porrectas
556 3855 717 3934 admittat,
757 3857 931 3923 studiosius
960 3859 1153 3940 sollicitabis,
1181 3875 1213 3926 et
1252 3884 1310 3947 per

359 3954 507 4033 eundem,
530 3970 562 4020 et
592 3956 670 4021 alios
691 3959 879 4044 mysterium
901 3959 1023 4024 consilii
1044 3960 1146 4047 partis
1168 3961 1310 4025 adversae

356 4057 528 4142 diligenter
543 4060 694 4143 inquires,
711 4075 749 4127 ut
763 4084 803 4125 ex
823 4084 862 4125 eo
877 4084 1003 4127 causam
1027 4074 1115 4126 tuam
1131 4061 1256 4126 facilius
1277 4076 1309 4125 et

358 4160 482 4225 felicius
497 4162 597 4247 possis
610 4163 775 4227 instruere.
816 4162 849 4226 Si
864 4186 973 4249 preces
987 4161 1224 4245 contempserit,
1236 4184 1309 4225 eum

360 4259 451 4343 quasi
474 4260 594 4324 invitus
622 4261 729 4323 trabes
753 4260 794 4322 ad
820 4260 959 4343 judices,
982 4261 1120 4323 maxime
1145 4260 1171 4324 si
1198 4260 1312 4325 litteris

361 4358 540 4442 apostolicis
554 4359 688 4421 aliorum
705 4357 830 4442 judicio
846 4369 928 4421 stare
944 4379 1005 4420 non
1021 4358 1152 4442 cogeris.
1198 4364 1312 4446 Neque

362 4457 493 4521 enimin
510 4458 567 4521 bac
590 4471 680 4542 parte
699 4458 951 4522 adversariorum
967 4457 1097 4522 vocibus
1118 4460 1237 4539 credes,
1252 4461 1312 4526 nisi

363 4556 514 4644 principis
539 4558 644 4643 apices
672 4557 964 4643 praesentaverint(
1006 4559 1039 4622 Si
1060 4560 1226 4642 judicibus
1249 4564 1314 4626 tuis

363 4658 581 4722 executionem
613 4657 753 4722 mandati
787 4657 951 4744 apostolici
980 4659 1131 4744 consequi
1159 4666 1313 4746 potueris,

364 4758 569 4845 adquiesces:
599 4760 645 4823 sin
668 4772 788 4839 autem,
805 4759 968 4823 honestam
991 4758 1114 4825 itineris
1135 4765 1314 4841 causam,si

366 4858 408 4924 ad
422 4859 585 4925 dominum
603 4880 717 4945 papam
734 4857 889 4944 proficisci
911 4858 1064 4943 disponis,
1080 4861 1171 4925 amici
1190 4864 1238 4927 tui
1255 4864 1318 4928 l'or-

817 4965 880 5021 na
