3300 6434
346 1241 520 1321 libo-8]
728 1261 906 1307 aristosa-3.
1257 1255 1295 1312 13

343 1431 414 1474 reus
428 1409 589 1473 ecclesiam
606 1431 694 1473 suam
719 1434 797 1490 esse,
812 1428 844 1476 et
866 1436 898 1477 se
917 1437 1082 1499 personam
1098 1416 1167 1502 ejus
1182 1440 1200 1480 a
1215 1428 1293 1482 tem-
1378 1447 1380 1450 ·

342 1532 419 1596 pore
439 1511 587 1576 Mauricii
609 1511 700 1575 bonae
722 1514 882 1578 memoriae
902 1516 1133 1581 Londoniensis
1154 1519 1294 1605 episcopi

341 1614 496 1690 extitisse,
509 1628 541 1678 et
556 1636 588 1676 se
604 1613 663 1676 hoc
679 1628 822 1700 tempore
840 1616 979 1682 Gilbetti
996 1618 1057 1704 piae
1070 1618 1296 1683 recordatiouis

342 1716 481 1804 episcopi
499 1714 604 1780 Lond.
625 1714 841 1800 legitimorum
864 1720 1035 1785 assertione
1059 1720 1189 1786 testium
1204 1745 1298 1785 cauo-

343 1819 412 1881 nice
445 1817 678 1902 comprobasse,
708 1817 816 1904 piures
854 1820 1033 1906 producens
1071 1837 1178 1899 testes,
1214 1846 1297 1909 quos

343 1920 445 1983 eidem
468 1919 593 2004 judicio
622 1919 803 1984 interfuisse
833 1922 970 1988 dicebat.
1015 1926 1122 2001 Quum
1153 1949 1230 2010 ergo
1255 1948 1295 1988 ex

343 2022 494 2086 mandato
517 2033 625 2085 nostro
648 2034 745 2086 testes
765 2027 998 2088 examinassent
1022 2026 1216 2090 venerabiles
1235 2026 1299 2088 ira-

344 2136 409 2188 tres
418 2122 528 2199 nostri,
540 2120 698 2206 Rogerius
713 2120 919 2186 Eboracensis
930 2123 1196 2210 archiepiscopus,
1209 2123 1299 2187 Hila-

345 2225 411 2289 rius
434 2222 639 2287 Cicestrensis
666 2222 827 2287 Robertus
850 2222 1078 2289 Lincolniensis
1098 2224 1249 2311 episcopi,
1264 2236 1297 2289 et

345 2325 398 2390 aiii
424 2324 599 2410 prudentes
627 2324 697 2400 viri,
724 2323 843 2411 quibus
868 2324 1119 2410 injunxeramus,
1146 2349 1200 2389 eos
1225 2348 1298 2390 con-

346 2425 457 2491 cordes
483 2425 514 2488 in
541 2425 690 2490 omnibus
712 2424 917 2507 invenissent,
939 2439 971 2491 et
994 2450 1051 2492 nos
1073 2427 1185 2491 audito
1211 2428 1299 2493 testi·

347 2529 453 2593 monio
478 2550 606 2592 causam
633 2527 703 2591 fine·
721 2527 831 2593 debito
852 2528 1021 2593 terminare
1046 2529 1299 2615 disponeremus,

348 2630 511 2695 Ernaldus
526 2629 712 2694 sententiam
730 2644 870 2693 nostram
884 2629 1073 2716 interposita
1087 2630 1300 2718 appellatione

348 2732 516 2820 praevenit,
542 2730 626 2794 diem
654 2731 822 2816 praefigens
852 2733 1067 2808 Dominicam,
1098 2755 1165 2818 qua
1194 2745 1300 2795 cauta-

349 2835 449 2910 bitur,
475 2835 578 2901 Quasi
605 2836 697 2898 modo
720 2838 837 2917 penui.
883 2838 952 2897 Nos
981 2855 1058 2918 ergo
1090 2846 1125 2898 ut
1154 2832 1299 2919 oportuit

350 2935 507 3022 majestati
522 2934 703 3020 apostolicae
720 2934 909 3011 deferentes,
925 2956 1052 2999 causam
1070 2932 1300 3000 terminandam

351 3036 511 3101 sanctitati
528 3048 642 3099 vestrae
658 3036 814 3121 integram
833 3036 1070 3103 reservavimus.

533 3384 756 3450 EPISTOLA
780 3382 950 3448 XiL-au
966 3401 1118 3448 suuunu.

700 3517 849 3581 Adriano
861 3538 967 3597 popo.

397 3661 507 3723 lutati
541 3652 714 3717 Ricardum
744 3647 893 3711 clericum
925 3663 957 3711 et
988 3648 1070 3713 Rad.
1099 3650 1304 3730 Marcellum,

352 3781 449 3844 super
479 3754 609 3820 ecclesia
639 3752 679 3816 de
709 3748 911 3814 Presteberia
939 3751 1153 3816 controversia
1181 3752 1305 3818 diutius

351 3860 473 3944 agitata
502 3870 560 3921 est.
606 3856 714 3931 Quum
744 3872 820 3914 vero
852 3851 1041 3917 venerabilis
1070 3853 1170 3918 frater
1199 3866 1306 3918 noster

355 3962 519 4024 Walterus
540 3954 785 4022 conventrensis
807 3952 974 4040 episcopus
994 3968 1068 4040 post
1090 3955 1209 4020 multas
1228 3960 1306 4020 cita·

353 4066 453 4129 tiones
468 4084 536 4126 eam
561 4058 689 4125 taudem
712 4055 821 4121 debito
841 4056 904 4118 fine
922 4056 1091 4120 terminare
1106 4055 1302 4143 disponeret:

356 4165 525 4239 Ricardus‚
551 4174 664 4247 utpote
694 4157 750 4244 qui
783 4156 949 4241 praefatam
975 4156 1137 4221 ecclesiam
1160 4158 1231 4232 sibi,
1256 4171 1306 4222 ut-

352 4283 428 4354 pote
444 4265 598 4330 violenter
612 4275 645 4326 et
662 4258 865 4344 sinejudicio
885 4258 1072 4329 destitutus,
1089 4259 1216 4322 restitui
1232 4281 1305 4343 poa·

354 4369 489 4441 tulabat‚
505 4364 710 4451 probationes
725 4360 847 4445 quibus
863 4382 895 4421 se
911 4373 1022 4422 contra
1040 4357 1125 4420 Rad.
1140 4358 1304 4422 abundare

354 4470 490 4546 dicebat,
505 4468 536 4529 in
554 4462 675 4550 synodo
692 4460 852 4525 Cestrensi
868 4461 909 4522 ab
923 4457 1072 4544 episcopo
1087 4471 1208 4523 exactoe
1220 4473 1305 4525 sunt.

358 4568 510 4635 Producti
537 4579 611 4630 sunt
638 4565 749 4649 itaque
781 4575 900 4645 septem
930 4573 1036 4637 testes,
1062 4560 1130 4647 qui,
1156 4562 1239 4626 sicut
1265 4587 1305 4627 ex

355 4672 536 4739 testimonio
554 4667 693 4756 episcopi
717 4664 843 4751 praefati
866 4663 1057 4747 accepimus,
1082 4662 1255 4727 Ricardum
1271 4665 1303 4728 in

356 4774 492 4862 praefata
511 4769 640 4835 ecclesia
660 4767 808 4831 canonice
831 4765 1027 4842 institutum,
1043 4778 1075 4830 et
1098 4764 1163 4830 sine
1181 4766 1305 4850 judicio

355 4881 491 4966 ejectum
512 4870 726 4961 jurejurando
752 4869 969 4932 firmaverunt.
1017 4868 1307 4933 Intervenientibus
