3300 6434
349 1230 545 1309 llas-61]
724 1248 902 1294 sorssors.
1249 1238 1289 1295 ts

343 1396 509 1480 dispendia
533 1397 645 1461 salutis
675 1396 821 1461 laborans
843 1397 989 1481 impietas
1017 1396 1082 1462 odii
1109 1398 1294 1467 seminatrix

343 1494 514 1560 fraternam
552 1495 683 1560 molitur
719 1495 907 1580 extinguere
943 1498 1117 1562 caritatem.
1183 1502 1291 1573 Quum

341 1597 403 1660 alia
417 1598 551 1662 crimina
573 1602 663 1662 Deus
684 1595 798 1675 oderit,
820 1597 879 1660 hoc
899 1597 1054 1684 estquod
1075 1599 1117 1662 ob
1138 1599 1293 1685 insignem

344 1698 391 1760 sui
415 1698 568 1763 malitiam
592 1697 770 1763 detestatur
792 1697 897 1763 anima
926 1699 1006 1783 ejus.
1050 1702 1197 1763 Vestram
1220 1722 1295 1764 vero

343 1797 552 1874 sanctitatem,
561 1798 643 1862 sicut
655 1798 834 1884 accepimus
843 1810 875 1862 et
884 1797 1039 1875 dolemus,
1049 1798 1151 1883 iniqui
1161 1799 1295 1864 circum·

344 1898 450 1962 venire
465 1901 570 1962 conati
586 1912 671 1978 sunt,
688 1899 810 1964 litteras
826 1900 915 1964 vobis
930 1911 1038 1964 nostro
1058 1913 1227 1983 conceptas
1242 1923 1297 1965 no·

345 1999 429 2061 mine
440 2000 1095 2085 porrigentes,quibussignificabatur‚me
1106 2001 1295 2066 inextremoe

343 2099 540 2166 difficultatis
564 2100 699 2166 articulo
722 2102 863 2185 positum
886 2102 1043 2186 poenitere
1058 2125 1154 2186 super
1169 2125 1295 2188 promo·

344 2201 428 2264 tione
453 2200 643 2264 venerabilis
665 2201 773 2265 fratris
802 2202 902 2266 nostri
933 2202 1062 2285 Rogerii
1087 2202 1296 2269 Eboraeeusis

343 2301 581 2388 archiepiscopi,
596 2314 628 2364 et
644 2303 802 2389 majestati
819 2314 933 2366 vestrae
948 2326 1056 2385 preces
1070 2303 1242 2388 porrigere,
1258 2316 1295 2367 ut

346 2406 422 2487 qnia
448 2402 525 2467 mihi
553 2401 638 2487 quod
662 2403 694 2467 in
722 2403 781 2466 hac
806 2416 898 2488 parte
923 2403 1043 2488 deliqui
1070 2416 1222 2490 negatum
1248 2417 1296 2470 est

345 2503 522 2583 emendare,
549 2526 604 2566 vos
630 2502 709 2568 illud
736 2526 792 2588 per
818 2503 967 2573 collatam
997 2504 1086 2568 robis
1114 2527 1134 2567 a
1158 2504 1296 2570 Domino

345 2616 545 2688 potestatem,
575 2618 707 2691 accepto
733 2619 876 2690 tempore
893 2605 1038 2690 justitias
1054 2605 1234 2690 judicandi,
1263 2620 1295 2672 et

346 2704 513 2767 exercendi
538 2705 704 2783 vindictas,
726 2709 759 2770 in
782 2706 965 2771 nationibus
986 2706 1168 2772 emendetis.
1212 2708 1297 2774 Ecce

347 2805 486 2869 Domino
503 2804 681 2892 inspectore
696 2820 727 2871 et
738 2807 851 2892 judice
865 2808 979 2893 loquar
992 2808 1025 2870 in
1042 2807 1172 2873 auribus
1187 2809 1299 2877 vestris

345 2907 432 2991 quod
445 2930 553 2971 verum
569 2922 627 2973 est.
652 2909 791 2974 Litteras
806 2908 882 2972 istas
893 2931 951 2972 nec
962 2909 1084 2994 scripsi,
1094 2932 1151 2972 nec
1162 2908 1298 2978 scribere

349 3007 448 3082 volui,
472 3030 528 3071 nec
550 3008 723 3093 abaliquo
746 3031 887 3074 meorum
911 3009 1044 3095 scriptas
1066 3011 1151 3075 novi.
1195 3012 1296 3080 Falsa

346 3121 431 3183 sunt,
444 3121 475 3172 et
487 3109 530 3173 eis
542 3109 581 3173 ad
594 3109 789 3175 delusionem
800 3124 948 3188 vestram,
958 3122 991 3175 et
1001 3111 1049 3174 sui
1061 3111 1297 3179 damnationem

345 3207 431 3273 solus
446 3209 592 3276 falsarius
604 3208 736 3275 scienter
748 3232 824 3275 usus
834 3223 892 3287 est,
906 3210 1054 3295 quisquis
1069 3210 1109 3275 sit
1123 3210 1188 3288 ille,
1204 3210 1298 3295 plane

347 3332 441 3373 suum
465 3312 607 3397 portabit
622 3312 792 3398 judicium,
815 3325 905 3376 etex
927 3312 1117 3377 auctoritate
1137 3333 1298 3378 sacrorum

346 3432 502 3474 canonum
525 3411 556 3476 in
580 3411 731 3497 laqueum
753 3411 964 3477 anathematis
992 3410 1121 3484 incidet,
1148 3410 1298 3495 quoniam

346 3509 403 3592 qui
413 3509 488 3574 talia
497 3523 608 3594 agunt,
618 3508 1298 3596 tanquamdiscordiarum,scissurarumque

347 3621 466 3674 satores
481 3623 513 3676 et
529 3612 705 3675 incentores
715 3610 892 3676 detestatur
907 3611 1014 3673 anima
1028 3609 1168 3673 Domini.
1215 3614 1299 3697 Sup.

344 3707 499 3793 plicamus
520 3714 629 3795 itaque
651 3710 811 3775 serenitati
834 3722 960 3786 vestrae,
983 3723 1020 3774 ut
1050 3723 1147 3777 tantae
1170 3712 1298 3780 malitiae

345 3822 501 3889 auctores,
523 3811 549 3874 si
569 3811 685 3896 placet,
705 3811 931 3897 comprehendi
944 3810 1088 3896 jubeatis
1101 3812 1142 3876 ad
1160 3835 1297 3897 poenam,

345 3920 377 3973 et
392 3932 445 3973 eos
466 3924 530 3974 tam
552 3911 665 3976 acerba
686 3910 958 3978 administratione
978 3909 1084 3996 puniri
1106 3913 1241 3993 faciatis,
1261 3928 1298 3982 ut

345 4010 401 4095 qui
417 4011 590 4077 vindictam
605 4012 764 4077 audierint
779 4013 964 4089 doceantur,
980 4021 1013 4074 et
1028 4011 1162 4079 doceant
1178 4028 1297 4081 vernet

341 4110 429 4194 justo
444 4114 580 4201 principi
595 4114 746 4191 fallacias,
763 4126 795 4179 et
810 4114 966 4181 malitiam
981 4133 1044 4178 uon
1061 4113 1193 4198 placere.

433 4366 655 4431 EPISTOLA
679 4368 877 4429 [ΧΠ-ιι)
893 4384 1009 4428 asoau
1026 4384 1221 4429 naumann.

656 4568 665 4587 .
681 4498 762 4578 Rani
777 4496 965 4579 anglorum.

392 4612 523 4677 Viscus
535 4610 714 4698 principum
728 4610 817 4673 nullo
827 4609 944 4674 clarius
952 4608 1056 4674 elucet
1065 4608 1191 4693 indicio,
1200 4637 1296 4702 quam

349 4716 374 4778 si
390 4715 554 4798 majestate
569 4713 638 4797 ejus
652 4734 760 4798 pacem
780 4711 933 4798 populus,
953 4713 1083 4776 ecclesia
1097 4714 1248 4798 quietem,
1264 4730 1297 4783 et

348 4814 458 4899 religio
469 4825 597 4897 gratum
612 4811 750 4876 Domino
762 4811 893 4897 recipiat
904 4812 1141 4878 incrementum.
1169 4819 1295 4902 Regum
