3300 6434
412 1261 455 1323 92
672 1274 807 1321 roanrua
824 1272 1102 1320 senesanna-:usis
1269 1255 1313 1337 [Α.
1332 1272 1362 1319 n.

411 1425 541 1491 dinibus
551 1449 618 1491 esse
627 1439 801 1491 contentos.
827 1426 916 1488 Sicut
929 1439 1033 1490 autem
1050 1425 1164 1488 iterata
1175 1423 1360 1489 clericorum

411 1527 452 1589 de
480 1526 646 1591 Dorbisria
674 1524 880 1589 lacrimabilis
908 1525 1026 1589 indicat
1060 1522 1269 1609 querimonia,
1294 1526 1361 1610 jam

410 1626 515 1691 dictus
538 1626 663 1691 Alanus
683 1626 868 1690 mandatum
889 1640 1032 1690 nostrum
1057 1625 1113 1690 diu
1138 1625 1361 1689 fraudulenter

410 1728 596 1815 suppressit,
612 1727 712 1791 donec
733 1728 800 1811 ipse
817 1738 849 1791 et
869 1727 1039 1812 complices
1061 1726 1110 1790 sui
1133 1748 1222 1790 suam
1244 1725 1275 1789 in
1300 1726 1363 1790 dis-

409 1828 566 1914 positione
580 1850 758 1914 pauperum
773 1827 938 1911 potuerint
952 1825 1095 1912 explesse
1111 1828 1313 1911 pravitatem,
1329 1844 1362 1891 et

409 1930 501 2015 quasi
530 1950 583 1992 eos
611 1928 653 1993 ad
681 1928 817 1992 vetitum
847 1940 955 1991 nostra
980 1927 1155 2013 prohibitio
1180 1932 1360 2004 animasset,

409 2029 592 2094 imminente
608 2028 805 2094 solemnitate
821 2028 967 2092 Paschali
985 2029 1175 2107 sacerdotes,
1187 2030 1306 2114 quibus
1320 2052 1359 2093 ex

408 2130 593 2195 necessitate
622 2130 808 2194 sacramenti
839 2152 964 2193 sacrum
995 2130 1136 2194 chrisma
1165 2132 1272 2195 deesse
1299 2154 1359 2196 non

409 2246 547 2318 poterat,
565 2230 646 2295 illud
669 2253 774 2297 emere
793 2232 1028 2317 compulerunt.
1075 2231 1169 2308 Quod
1194 2255 1290 2319 quam
1320 2234 1359 2298 sit

409 2332 505 2397 sacris
526 2332 699 2397 canonibus
718 2332 887 2397 adversum
909 2332 1012 2397 fidelis
1035 2334 1124 2398 novit
1145 2333 1285 2414 ecclesia,
1304 2358 1361 2398 nec

407 2433 468 2519 ipsi
484 2445 631 2517 poterant
645 2433 802 2518 ignorare,
811 2456 914 2520 quum
929 2446 1052 2498 constet
1067 2449 1185 2500 sanctoe
1200 2437 1360 2500 memoriae

410 2536 589 2600 Gauterum
604 2533 787 2620 episcopum
803 2548 942 2599 vestrum
958 2536 1017 2598 hac
1032 2535 1245 2601 venditionem
1261 2535 1359 2600 chris-

409 2635 502 2700 matis
516 2634 605 2721 apud
621 2658 676 2700 vos
698 2637 932 2713 condemnasse,
948 2652 980 2702 et
996 2637 1057 2701 sub
1072 2637 1273 2702 anathemate
1287 2660 1359 2723 pro-

409 2738 564 2813 hibuisse,
579 2759 619 2801 ne
634 2737 767 2803 ulterius
786 2737 984 2803 distrahatur
1005 2738 1046 2803 ad
1068 2738 1215 2824 pretium.
1261 2738 1358 2802 Unde

409 2838 537 2926 qnidam
568 2838 607 2902 ad
638 2862 696 2904 nos
719 2840 882 2905 venientes
911 2839 1101 2915 detulerunt,
1129 2862 1161 2903 se
1187 2861 1206 2901 a
1234 2839 1359 2903 «Ioanne

409 2940 612 3015 Lexoviensi,
642 2952 675 3005 et
709 2939 918 3027 complicibus
948 2941 1014 3006 suis
1047 2937 1230 3024 gravamina
1258 2939 1359 3004 multa

408 3064 582 3127 perpessos.
628 3043 765 3119 Quidam
788 3042 883 3106 etiam
906 3056 1089 3128 queruntur
1112 3043 1198 3128 quod
1225 3066 1279 3106 eos
1302 3064 1359 3127 per

306 3192 308 3196 a
407 3141 660 3228 appellationem·
667 3143 708 3207 ad
724 3166 782 3207 nos
793 3144 910 3208 factam
925 3144 967 3207 ab
981 3143 1085 3208 officio
1097 3166 1155 3207 suo
1167 3143 1359 3228 suspendere

406 3256 539 3309 conatus
553 3244 604 3309 sit.
651 3245 731 3308 Inde
747 3257 793 3308 est
809 3245 897 3331 quod
920 3243 1102 3309 discretioni
1118 3259 1232 3309 vestrae
1247 3245 1359 3330 praeci-

406 3345 522 3431 piendo
537 3346 734 3421 mandamus,
751 3350 904 3431 quatinus
918 3346 964 3410 rei
976 3346 1141 3410 veritatem
1156 3344 1358 3409 exactissima

406 3446 571 3533 diligentia
591 3448 781 3534 iniquitatis,
795 3461 828 3512 ct
844 3448 868 3512 si
886 3451 928 3512 A.
944 3447 1065 3513 litteras
1086 3459 1209 3511 nostras
1224 3446 1359 3510 fraudu-

406 3546 507 3611 lenter
521 3549 732 3634 suppressisse
747 3549 937 3628 constiterit,
951 3571 1025 3612 enm
1045 3547 1234 3612 auctoritate
1250 3560 1359 3610 nostra

406 3651 446 3711 ab
460 3646 563 3710 officio
578 3649 789 3736 suspendatis,
801 3648 901 3713 donec
911 3651 1002 3716 vobis
1017 3663 1049 3714 et
1065 3649 1203 3713 ecclesiae
1216 3652 1358 3715 Cantua-

407 3744 502 3808 riensi
522 3746 679 3830 condigne
700 3748 880 3812 satisfaciat.
926 3749 1082 3812 Jcannem
1106 3772 1236 3834 quoque
1252 3750 1358 3812 Lexo-

407 3844 555 3920 viensem,
571 3860 603 3908 et
619 3846 776 3912 ministros
798 3849 1012 3913 archidiaconi
1036 3850 1257 3915 Dorberiensis
1274 3872 1360 3913 com-

407 3944 532 4031 pellatis
551 3950 739 4013 auctoritate
755 3963 859 4013 vestra
882 3950 1048 4013 restituere
1068 3951 1189 4014 clericis
1210 3951 1296 4035 quod
1319 3975 1357 4015 ex

408 4070 517 4132 prava,
545 4071 641 4135 quarn
672 4053 894 4133 praemisimus,
919 4050 1164 4126 consuetudine,
1196 4050 1246 4113 vel
1277 4054 1356 4115 sacri

406 4148 583 4215 chrismatis
612 4165 758 4216 execrata
789 4150 973 4215 venditione
1000 4150 1041 4214 ab
1075 4150 1120 4215 eis
1156 4153 1359 4230 extorserint,

406 4260 576 4335 postquam
602 4274 658 4315 nos
684 4253 765 4315 hanc
788 4251 962 4337 nequitiam
987 4251 1277 4315 condemnavimus.
1324 4253 1357 4315 Si

407 4372 480 4413 vcro
510 4350 599 4413 vobis
627 4352 660 4413 in
691 4353 750 4415 hoc
787 4357 1007 4438 obtemperare
1036 4350 1265 4437 neglexerunt;
1305 4376 1358 4416 eos

405 4452 593 4515 auctoritate
617 4467 720 4516 vestra
749 4454 790 4515 ab
820 4453 953 4517 introitu
978 4452 1117 4517 ecclesiae
1144 4453 1357 4538 suspendatis,

405 4548 505 4614 donec
519 4550 626 4616 ablata
648 4552 769 4616 clericis
789 4554 971 4627 restituant,
986 4568 1018 4618 et
1040 4554 1235 4619 satisfaciant
1257 4555 1357 4619 nobis.

408 4649 440 4712 Si
461 4666 567 4715 autem
591 4654 713 4732 aliquos
735 4666 807 4739 post
831 4654 1074 4739 appellationem
1098 4655 1138 4718 ad
1162 4676 1218 4718 nos
1240 4657 1357 4719 factam

406 4751 596 4833 suspendere
619 4754 893 4838 praesumpserint,
910 4774 963 4815 eos
986 4753 1145 4829 relaxetis,
1169 4768 1201 4818 et
1225 4778 1357 4841 suspen·

406 4870 490 4911 sores
512 4850 705 4917 denuntietis
727 4876 746 4915 a
769 4852 859 4916 nobis
879 4875 945 4915 esse
966 4876 1133 4937 suspensos
1156 4881 1174 4920 a
1197 4855 1357 4918 liminibus
