3300 6434
678 1174 702 1230 l
726 1172 1068 1246 159—61.]
1222 1199 1226 1203 ·
1338 1222 1343 1226 .
1472 1181 1833 1230 Epls'roLAE.
2498 1168 2581 1230 95

678 1338 894 1414 num-i,
924 1350 986 1401 et
1020 1356 1215 1423 quam
1262 1341 1484 1398 s'umus
1524 1355 1638 1397 nos
1683 1334 1830 1421 ipsi,
1875 1344 1988 1399 aut
2021 1335 2223 1399 nostri
2250 1358 2369 1421 pro
2399 1334 2580 1399 nobis

670 1442 902 1506 exinde
946 1439 1215 1524 gratiam
1263 1436 1569 1517 habituri,
1612 1458 1736 1500 non
1797 1441 1948 1502 satis
2005 1437 2407 1523 exploratum
2465 1448 2581 1500 est.

678 1542 976 1626 Languet
1007 1540 1171 1604 enim
1199 1540 1580 1624 plerumque
1601 1537 1812 1624 gratia
1833 1540 2310 1613 defunctorum,
2340 1550 2406 1602 et
2435 1558 2583 1600 cum

686 1646 838 1730 ipsis
862 1647 1231 1707 meritorum
1263 1644 1566 1706 memoria
1593 1641 1818 1706 leviter
1850 1642 2187 1705 evanescit.
2237 1642 2582 1726 Speramus

678 1758 910 1818 tamen,
943 1757 1007 1809 et
1041 1744 1282 1809 utinam
1327 1765 1471 1827 spes
1509 1756 1730 1809 nostra
1778 1743 2024 1807 nullum
2068 1742 2445 1819 confundat,
2491 1742 2587 1804 in·

678 1846 1032 1910 valescente
1073 1845 1335 1909 caritate
1379 1844 1441 1907 in
1488 1844 1792 1909 cordibus
1834 1848 2183 1910 amicorum
2221 1856 2583 1907 nostrorum

644 2031 645 2034 Ἴ
682 1970 798 2030 per
830 1945 1139 2030 Spiritum
1174 1948 1504 2010 Sanctum.
1594 1949 1699 2010 'Pu
1723 1969 1875 2009 vero
1906 1968 1984 2009 ne
2014 1946 2174 2031 quid
2196 1946 2262 2008 in
2292 1943 2585 2009 fraudem

686 2050 882 2134 hujus
935 2046 1358 2130 indulgentioe
1404 2046 1618 2121 faciaS,
1668 2047 1872 2111 modis
1928 2046 2223 2111 omnibus
2279 2066 2588 2131 praecave,

683 2163 919 2226 certus»,
938 2149 1091 2235 quia
1113 2150 1370 2234 justitia
1390 2146 1652 2215 Domini
1677 2148 1916 2213 nullius
1947 2147 2219 2211 hominis
2250 2169 2461 2210 errore
2483 2146 2594 2210 de·

685 2249 955 2315 luditur.
1008 2250 1104 2315 Ad
1131 2251 1267 2314 haec
1290 2253 1354 2315 in
1378 2250 1824 2336 promovendis
1846 2251 2140 2336 precibus
2163 2250 2394 2313 nostris
2415 2249 2591 2334 apud

688 2350 1013 2416 dominum
1058 2374 1268 2436 regem
1325 2375 1516 2436 super
1554 2352 1811 2436 negotio
1853 2350 2234 2414 Exoniensis
2284 2349 2589 2426 ecclesiae,

688 2451 1086 2514 dilectionem
1136 2465 1200 2514 et
1260 2450 1654 2535 diligentiam
1721 2467 1892 2516 tuam
1951 2451 2399 2537 experiendam
2459 2473 2592 2515 esse

688 2552 1101 2627 decrevimuS‚
1148 2565 1445 2635 rogantes
1483 2554 1792 2616 attentius
1823 2564 1897 2616 ut
1938 2575 2014 2616 ea
2042 2554 2129 2616 sic
2160 2575 2483 2638 procureS,
2518 2566 2591 2617 ut

693 2654 813 2717 hoc
843 2655 1146 2718 absentiae
1176 2666 1237 2717 et
1274 2653 1513 2717 domini
1544 2655 1738 2739 regi5‚
1772 2669 1836 2717 et
1880 2669 2010 2718 tuae
2056 2653 2402 2717 habeamus
2434 2654 2596 2718 sola-

691 2753 873 2832 tium,
904 2765 967 2816 et
1000 2753 1291 2838 promissi
1322 2754 1589 2817 invicem
1634 2755 1867 2819 amoris
1896 2766 1959 2817 et
1989 2753 2280 2839 obsequii
2321 2753 2596 2819 certissi-
2677 2827 2682 2832 ,

691 2874 866 2916 mum
898 2865 1371 2937 argumentum.
1463 2855 1541 2917 In
1572 2876 1648 2917 eo
1679 2867 1892 2917 autem
1936 2876 2155 2917 sumus
2183 2853 2475 2929 articu10,
2519 2866 2594 2920 ut

694 2952 1022 3017 consilium
1055 2965 1344 3017 nostrum
1375 2969 1739 3038 suspectum
1773 2977 1908 3018 esse
1931 2976 2055 3017 non
2088 2953 2340 3030 debeat,
2369 2968 2434 3018 et
2465 2978 2596 3040 quo

697 3078 819 3118 non
872 3056 1275 3136 auderemu3‚
1334 3057 1686 3141 praesertim
1735 3057 1801 3119 in
1860 3055 2295 3120 ecclesiasticis
2351 3055 2599 3140 aliquid

694 3157 1035 3242 postulare,
1083 3157 1259 3243 quod
1307 3179 1429 3221 non
1475 3158 1810 3222 credamus
1861 3157 2140 3223 Domino
2183 3157 2600 3244 placiturum,

696 3267 760 3320 et
791 3256 1067 3321 ecclesiae
1095 3272 1162 3321 et
1194 3279 1389 3343 regno
1419 3256 1797 3332 conducere,
1829 3268 1894 3320 et
1924 3255 2131 3320 modis
2166 3256 2464 3319 omnibus
2491 3277 2603 3319 ex-

696 3360 934 3445 pedire.
980 3359 1230 3446 Utique
1252 3359 1302 3423 si
1335 3382 1464 3422 rem
1486 3358 1792 3443 grandem
1818 3371 2200 3444 peteremus,
2221 3356 2602 3422 confidimus

696 3485 829 3524 esse
874 3485 987 3526 nos
1030 3460 1402 3525 audiendos.
1494 3458 1596 3521 De
1660 3457 1989 3534 monach0,
2037 3457 2151 3541 qui
2195 3481 2261 3521 se
2304 3458 2600 3524 abbatem

704 3561 923 3626 Boxel.
949 3561 1140 3645 gerit,
1164 3559 1436 3622 rescribe
1462 3557 1853 3622 voluntatem
1885 3556 2128 3621 domini
2158 3558 2330 3642 regis
2359 3571 2425 3623 et
2455 3580 2603 3623 con-

702 3660 915 3726 silium
945 3673 1152 3725 tuum.

703 3938 988 4003 EPIST.
1050 3939 1512 4003 LXXIL--An
1557 3955 1971 4000 AnnArissAM
2023 3955 2106 3999 m:
2146 3954 2605 4002 aunnmnnm.

789 4074 1093 4144 Quonns
1122 4092 1405 4156 personae
1430 4068 1872 4133 ecclesiasticae
1890 4067 2058 4130 omni
2072 4068 2222 4152 jure
2244 4078 2609 4154 contempto

705 4172 1548 4256 ecclesiasticasimpugnant
1567 4170 1957 4243 Sanctiones,
1973 4188 2049 4231 eo
2069 4167 2328 4252 quidem
2350 4168 2610 4252 gravius

708 4271 1050 4355 puniendae
1081 4283 1252 4345 sunt,
1283 4292 1413 4355 quo
1435 4268 1515 4331 ad
1543 4268 1853 4351 sacrilegii
1877 4267 2107 4331 crimen
2133 4279 2195 4329 et
2229 4267 2431 4330 scelus
2460 4290 2611 4353 apo-

710 4370 920 4435 stasiae
936 4368 1408 4455 quodammodo
1422 4367 1724 4430 videntur
1735 4366 2053 4429 accedere.
2093 4366 2164 4429 ln
2180 4388 2286 4428 eos
2299 4367 2611 4452 siquidem

708 4470 933 4532 merito
976 4485 1311 4532 exercetur
1353 4467 1663 4530 acerbitas
1697 4466 1866 4551 juris
1895 4465 2011 4550 qui
2050 4466 2170 4528 sub
2217 4464 2439 4530 habitu
2473 4468 2610 4531 reli-

709 4572 935 4657 gionis,
979 4585 1042 4634 et
1102 4570 1373 4654 quodam
1421 4568 1617 4653 impio
1665 4566 1972 4632 velamine
2030 4565 2291 4651 pietatis
2353 4568 2614 4654 impune

703 4673 1019 4757 justitiam
1070 4670 1437 4733 subvertere
1484 4669 1857 4731 moliuntur.
1950 4670 2095 4730 Hoc
2147 4671 2244 4731 tui
2290 4691 2423 4732 esse
2467 4692 2613 4755 pro-

710 4772 899 4858 positi
937 4794 1104 4854 soepe
1137 4770 1525 4845 audivimus,
1569 4781 1631 4831 et.
1667 4769 1720 4830 si
1752 4790 1894 4830 vera
1926 4783 2072 4831 sunt
2105 4789 2253 4850 quae
2284 4768 2610 4848 dicuntur,
