3300 6434
340 1198 380 1254 72
597 1211 733 1255 romnus
750 1209 1032 1254 sanesnemnnsrs
1198 1190 1243 1269 [A.
1262 1208 1294 1252 n.

345 1358 463 1443 agitur,
490 1381 571 1444 quos
598 1382 653 1421 vos
683 1361 839 1442 sapientes
865 1360 996 1443 spiritus
1026 1356 1203 1442 prophetiae
1230 1379 1291 1419 non

347 1481 468 1544 semper
490 1459 640 1523 illustrat.
687 1459 794 1522 Facile
817 1473 921 1524 tamen
945 1457 1134 1522 crediderim
1157 1458 1295 1523 Lexovi-

347 1582 447 1639 enses‚
461 1582 559 1646 quum
577 1560 714 1643 plurima
729 1564 841 1635 sciant,
856 1573 888 1624 ct
910 1581 1124 1644 quaecumque
1139 1558 1294 1622 voluerint

345 1659 547 1745 eloquantur,
562 1683 628 1723 esse
642 1660 777 1724 divinos.
823 1659 979 1744 Nunquid
995 1682 1072 1743 ergo
1086 1682 1126 1722 ex
1142 1683 1295 1743 quacum-

348 1783 411 1845 que
426 1783 521 1824 causa
535 1784 614 1825 ausu
632 1761 798 1825 temerario
812 1759 999 1824 contendam
1016 1774 1133 1837 tecum,
1149 1760 1206 1845 qui
1221 1782 1295 1824 auc-

348 1860 476 1925 toritate
491 1875 523 1925 et
539 1860 652 1924 merito
675 1860 921 1925 Lexoviensibus
943 1861 1089 1946 patribus
1104 1860 1294 1945 adaequaris.

348 1962 479 2025 Domini
509 1964 534 2025 si
563 1961 694 2047 quidem
730 1961 943 2025 Lexoviensea
974 1974 1080 2045 patres
1108 1983 1169 2024 non
1201 1962 1295 2025 modo

346 2060 576 2146 eloquentium,
586 2061 638 2125 sed
650 2061 839 2147 eloquentiae
849 2060 1083 2145 quodammodo
1095 2075 1178 2125 sunt.
1211 2063 1293 2126 Nam

346 2184 446 2247 quum
463 2162 738 2227 Aureliacensibus
759 2162 816 2247 qui
834 2161 1006 2225 multarum
1022 2183 1126 2224 rerum
1149 2161 1292 2246 peritiam

346 2275 378 2327 et
394 2286 485 2327 usum
504 2264 631 2343 habent,
645 2277 815 2349 sequentur
829 2264 863 2326 in
879 2262 1036 2348 plurimis,
1046 2261 1078 2325 in
1094 2285 1132 2325 eo
1145 2263 1293 2326 facillime

345 2363 547 2439 antecedunt,
563 2364 650 2449 quod
672 2364 724 2426 hic
745 2381 920 2427 nascuntur
941 2377 973 2427 et
996 2362 1078 2427 fiunt
1100 2363 1294 2447 eloquentes,

345 2462 425 2526 adeo
447 2463 575 2548 quidem
593 2478 628 2529 ut
651 2486 774 2528 omnem
798 2477 925 2529 aetatem
946 2476 980 2528 et
1002 2487 1111 2527 sexum
1135 2464 1293 2548 genuinus

345 2563 536 2648 eloquentiae
551 2588 628 2629 usus
641 2566 776 2643 imbuat,
790 2580 822 2630 et
836 2564 993 2629 informet.
1039 2564 1126 2638 Quid
1144 2587 1220 2648 ergo
1236 2566 1292 2627 im-

346 2661 511 2748 peditioris
523 2664 641 2749 linguae
653 2665 835 2740 homunci0,
848 2665 980 2730 torrenti
993 2678 1090 2728 tantoe
1101 2664 1291 2747 eloquentiae

343 2765 564 2850 respondebo?
594 2768 684 2831 Licet
700 2779 807 2829 autem
823 2787 977 2850 nequeam
993 2765 1033 2829 de
1054 2766 1121 2851 pari
1136 2766 1291 2839 resistere,

344 2878 449 2930 tamen
466 2867 584 2951 quibus
599 2889 649 2931 me
664 2865 821 2929 immerito
832 2865 974 2929 inustum
990 2866 1221 2951 perstrinxeris,
1233 2865 1291 2927 im-

344 2986 430 3049 pune
452 2965 533 3028 forte
556 2986 739 3051 percurrere
761 2963 868 3027 licebit
888 2963 980 3025 venia
1001 2964 1180 3049 impetrata.
1226 2967 1291 3027 Ac·

344 3087 436 3129 cusas
450 3064 558 3149 itaque
579 3067 825 3131 diuturnitatem
848 3065 964 3130 silentii
986 3067 1059 3144 mei,
1074 3090 1178 3132 nonne
1200 3065 1291 3130 silere

343 3165 465 3232 licitum
480 3172 550 3231 est?
579 3171 644 3232 imo
657 3183 690 3232 et
703 3169 830 3252 justum
846 3168 932 3254 apud
952 3167 1120 3255 sapientes,
1135 3181 1166 3233 ct
1182 3169 1291 3231 facun-

342 3265 411 3346 dos,
426 3288 499 3330 eum
522 3268 578 3351 qui
594 3268 802 3353 impeditioris
823 3268 941 3352 linguae
955 3281 1015 3345 est,
1030 3281 1062 3332 et
1084 3268 1181 3331 animi
1195 3271 1288 3332 obtu-

342 3366 441 3431 sioris.
485 3367 596 3431 Nonne
612 3370 638 3431 si
652 3367 852 3453 frequentius
867 3368 1017 3453 loquatur
1031 3380 1089 3432 ant
1101 3368 1232 3447 scribat,
1247 3370 1289 3433 ad

342 3468 410 3533 haec
426 3467 531 3532 minus
546 3469 688 3548 idoneus,
702 3491 792 3533 suam
806 3468 1012 3553 ignominiam
1031 3469 1219 3550 denudabit,
1233 3484 1288 3535 aut

342 3570 566 3654 perpetuabit?
589 3571 767 3634 Transeunt
782 3570 866 3633 enim
882 3592 957 3654 qua}
970 3568 1131 3646 dicuntur,
1143 3571 1198 3634 sed
1213 3595 1288 3658 quae

341 3668 458 3753 scripta
472 3683 547 3733 sunt
562 3684 758 3755 permanent.
803 3668 871 3743 Qui
890 3685 995 3735 tamen
1011 3685 1043 3737 tc
1064 3671 1134 3757 ipso
1156 3675 1288 3738 tacitur-
1399 3690 1401 3693 ’

342 3768 412 3830 nior
437 3769 557 3844 videor,
584 3770 654 3849 tibi,
675 3772 732 3855 qui
758 3772 910 3835 scribenti
936 3772 1077 3837 rescribo
1102 3796 1236 3859 semper,
1257 3790 1290 3840 et

342 3867 499 3931 interdum
516 3868 632 3955 scripto
655 3871 813 3955 praevenio
829 3884 859 3936 te
874 3869 1075 3956 scripturum.
1121 3874 1183 3937 Sed
1206 3875 1289 3940 forte

341 3965 490 4031 illiterata
503 3968 599 4032 facies
614 3968 803 4043 litterarum,
819 3981 852 4033 et
874 3969 972 4032 aridae
987 3968 1106 4053 linguae
1127 3972 1213 4035 color
1234 3997 1289 4037 ex-

341 4067 466 4151 anguis,
493 4068 749 4155 scripturientem
773 4087 831 4134 nur
856 4069 1079 4133 dicturientem
1104 4072 1289 4156 exprimunt

340 4169 556 4255 potiusquam
569 4172 754 4236 scribentem
766 4170 900 4258 aliquid,
911 4183 967 4234 aut
978 4168 1145 4236 dicentem.
1183 4176 1287 4239 Recte

340 4269 471 4352 quidem
487 4271 530 4333 sic
545 4271 634 4335 dicor
655 4270 792 4357 elinguis
807 4285 865 4338 aut
886 4286 1005 4347 mutus,
1022 4294 1123 4358 quum
1138 4285 1169 4336 et
1194 4272 1288 4337 simili

341 4372 509 4435 verborum
526 4373 683 4437 schemate
703 4373 785 4437 male
799 4375 936 4439 formata
959 4374 1071 4438 mulier
1093 4372 1219 4438 dicatur
1241 4375 1288 4438 in·

340 4471 463 4548 formis,
486 4489 518 4537 et
544 4476 661 4539 litterae
686 4497 761 4560 quae
787 4474 952 4541 minimum
979 4488 1103 4552 sonant,
1127 4489 1287 4540 mutarum

342 4574 467 4637 nornine
501 4588 697 4639 censeantur.
749 4577 911 4639 Caeterum
948 4575 1174 4640 taciturnitatis
1211 4599 1289 4639 mere

341 4672 433 4744 aliam
457 4676 609 4760 exprimis
630 4698 769 4750 cansam,
785 4690 898 4740 notans
920 4674 1123 4760 supercilium
1146 4676 1290 4740 elationis

343 4792 430 4849 meae,
441 4775 498 4856 qui
515 4773 554 4837 de
571 4775 686 4836 throno
701 4769 876 4857 potestatis,
890 4797 955 4858 qua
971 4797 1020 4837 me
1038 4776 1083 4838 uti
1097 4775 1201 4857 tingis,
1212 4776 1289 4837 ami-
