3300 6434
358 1237 552 1317 risa-61]
748 1258 928 1305 seurota.
1270 1252 1313 1312 49

352 1404 516 1483 statuistis,
532 1406 557 1472 si
568 1410 696 1494 justum
712 1410 909 1494 apparuerit,
925 1410 1157 1490 roborabimus,
1173 1436 1306 1480 evacua-

349 1503 455 1570 bimus
467 1505 492 1570 si
503 1506 600 1573 fuerit
609 1508 776 1596 injustum.
806 1510 909 1575 Nobis
920 1512 1003 1576 enim
1015 1512 1128 1578 merita
1137 1536 1305 1579 causarum

350 1604 476 1672 facilius
495 1607 679 1686 clarescent,
693 1622 912 1697 poteruntque
931 1626 1037 1698 partes
1052 1616 1120 1679 siue
1135 1616 1304 1680 vexatione

345 1709 504 1793 justitiam
535 1712 698 1798 consequi,
727 1722 760 1777 et
789 1712 950 1798 religionis
977 1714 1084 1781 cultus
1113 1715 1145 1781 in
1175 1716 1305 1781 ecclesia

351 1812 528 1890 reformari,
545 1813 571 1878 si
586 1814 724 1899 partium
736 1816 906 1881 assertione
917 1818 1033 1882 veritas
1044 1818 1229 1884 innotuerit.
1257 1818 1304 1883 Et

352 1913 412 1977 boc
437 1914 534 1978 modo
559 1916 694 2001 regium,
719 1917 777 2004 qui
803 1920 1053 2003 pernecessarius
1075 1935 1134 2000 est,
1157 1921 1304 2007 poteritis

350 2016 487 2079 retinere
501 2016 652 2094 favorem,
667 2040 761 2103 quern
778 2019 931 2084 amittetis
944 2022 1084 2097 omuino,
1097 2021 1126 2085 -si
1141 2021 1303 2086 ecclesiam

350 2136 440 2180 suam
454 2116 562 2203 aliqua
572 2119 775 2203 improbitate
787 2120 952 2185 volueritis
962 2122 1156 2187 conculcare.
1182 2124 1215 2187 Si
1229 2146 1303 2187 vero

350 2230 524 2282 memorata
539 2218 591 2281 die
608 2218 788 2285 conditione
808 2221 994 2307 praescripta
1008 2222 1116 2287 adesse
1137 2223 1303 2309 placuerit,

350 2318 457 2397 uobis,
471 2320 497 2383 si
519 2319 634 2404 placet,
649 2321 715 2386 sine
737 2345 828 2387 mora
848 2323 1023 2402 rescribite,
1037 2337 1093 2389 aut
1115 2325 1141 2387 si
1163 2324 1304 2388 conditio

348 2418 565 2504 displicuerit:
592 2421 741 2488 indecens
757 2423 841 2487 enim
857 2437 915 2498 est,
931 2424 958 2487 si
971 2436 1029 2489 aut
1046 2446 1102 2489 nos
1116 2424 1301 2490 deludimur

347 2518 392 2583 ab
406 2520 525 2602 amicis,
540 2537 596 2586 aut
611 2521 729 2587 amicos
742 2521 938 2589 deludimus.
976 2525 1098 2591 Valete.

494 2804 731 2874 EPISTOLA
757 2811 1018 2880 XLV111.-sn
1033 2832 1162 2879 annau.

526 2974 566 3037 Τ.
584 2975 843 3054 cantuariensis,
858 2980 927 3060 rapi
940 2978 1130 3061 Anglorant.

396 3130 449 3194 Er
463 3130 489 3193 si
505 3130 639 3216 propriis
653 3143 685 3196 et
707 3131 837 3217 privatis
855 3155 1028 3218 urgeamur
1046 3134 1212 3219 augustiis,
1228 3156 1301 3220 pro·

346 3230 436 3294 cellis
451 3244 556 3296 tamen
576 3230 712 3316 publicis
727 3231 829 3316 magis
849 3230 1031 3316 affligimur,
1046 3244 1079 3295 et
1099 3232 1216 3298 fortius
1229 3252 1302 3295 cru·

348 3332 479 3397 ciamur.
517 3333 585 3395 Nos
600 3330 684 3394 enim
700 3330 731 3393 in
749 3330 877 3417 propria
891 3353 1025 3417 persona
1040 3354 1152 3396 manus
1167 3331 1299 3397 Domini

350 3432 502 3513 visitavit,
523 3432 556 3495 in
579 3431 705 3516 flagello
729 3432 905 3497 clementiae
932 3455 1010 3509 suae,
1032 3446 1064 3495 et
1089 3432 1129 3494 de
1151 3429 1246 3514 longa
1267 3445 1300 3495 et

349 3537 440 3621 gravi
460 3534 645 3598 infirmitate
666 3532 902 3618 aliquantulum
921 3534 989 3618 jam
1012 3532 1123 3595 erexit.
1178 3535 1300 3596 Verun-

349 3647 454 3696 tamen
483 3632 569 3696 omni
598 3631 782 3696 infirmitate
813 3630 941 3714 gravior
966 3643 1014 3694 est
1040 3630 1154 3693 animae
1182 3643 1299 3696 uostrae

349 3732 486 3819 procella
511 3731 687 3806 discordia,
710 3753 784 3816 quae
810 3730 950 3795 Domino
975 3730 1178 3814 permittente
1204 3731 1298 3798 scidit

345 3833 518 3908 ecclesiam,
534 3854 695 3917 regnaque
710 3829 861 3897 collidens
875 3845 908 3895 et
923 3831 1132 3919 principatus,
1143 3854 1163 3895 a
1177 3832 1298 3918 populo

347 3933 476 4000 Domini
506 3934 705 3997 securitatem
736 3933 876 3997 excussit
904 3945 937 3997 et
967 3955 1086 4019 pacem.
1138 3933 1219 3998 Haec
1248 3947 1297 4000 est

346 4036 474 4101 afflictio
491 4049 600 4100 nostra
616 4034 814 4121 quotidiana,
831 4034 880 4098 bic
900 4036 1043 4099 omnium
1059 4036 1214 4101 bonorum
1226 4036 1297 4121 jus-

346 4137 488 4203 tissimus
509 4136 600 4200 dolor
615 4147 648 4201 et
670 4134 885 4200 amarissimus
898 4136 1049 4219 gemitus,
1062 4149 1097 4200 et
1111 4135 1241 4220 quidem
1257 4156 1297 4199 co

345 4236 492 4313 amarior,
508 4234 595 4321 quod
616 4238 648 4299 in
666 4234 808 4299 absentia
830 4246 935 4296 vestra
947 4233 1059 4297 incerti
1078 4256 1193 4298 sumus
1215 4234 1297 4320 quid

333 4343 472 4422 'sperare
501 4350 657 4421 oporteat,
683 4335 762 4420 quid
793 4335 913 4398 timere.
960 4333 1039 4398 Inde
1067 4348 1115 4400 est
1144 4336 1233 4421 quod
1262 4338 1296 4400 in

346 4437 491 4503 absentia
505 4448 611 4499 vestra
630 4433 790 4497 serenitati
812 4445 926 4497 vestrae
948 4433 1152 4498 affectuosius
1172 4435 1296 4521 suppli-

343 4560 463 4612 camus,
489 4549 525 4600 ut
552 4558 608 4599 nos
633 4535 674 4599 de
699 4548 785 4599 statu
815 4548 922 4597 vestro
950 4534 1100 4598 sollicitos
1125 4536 1294 4601 certiorare

344 4639 530 4726 dignemini.
586 4638 621 4702 Si
646 4637 729 4701 enim
755 4659 805 4701 res
831 4648 945 4699 vestrae
973 4658 1133 4721 prosperae
1161 4636 1292 4716 fuerint,

345 4763 508 4828 speramus
528 4740 559 4804 in
582 4739 733 4818 Domino,
747 4737 825 4825 quia
846 4760 903 4801 nos
924 4752 956 4802 et
979 4738 1110 4801 ecclesia
1131 4738 1205 4817 Dei,
1222 4764 1294 4826 quaa

342 4842 433 4929 apud
448 4864 501 4905 vos
516 4853 575 4916 est,
588 4840 836 4926 prosperabitur.
868 4838 950 4903 Nanr
963 4837 995 4901 in
1007 4837 1129 4903 unitate
1140 4840 1294 4924 consistit,

390 4963 462 5008 vot.
481 4964 502 5011 1.
804 4960 824 5003 u
