<?xml version="1.0" encoding="UTF-8"?>
<!DOCTYPE html PUBLIC "-//W3C//DTD XHTML 1.0 Transitional//EN"
    "http://www.w3.org/TR/xhtml1/DTD/xhtml1-transitional.dtd">
<html xmlns="http://www.w3.org/1999/xhtml" xml:lang="en" lang="en">
 <head>
  <title>
</title>
<meta http-equiv="Content-Type" content="text/html;charset=utf-8" />
  <meta name='ocr-system' content='tesseract 3.04.00' />
  <meta name='ocr-capabilities' content='ocr_page ocr_carea ocr_par ocr_line ocrx_word'/>
</head>
<body>
  <div class='ocr_page' id='page_1' title='image "./joannissaresber14johngoog_0214.png"; bbox 0 0 3300 6434; ppageno 0'>
   <div class='ocr_carea' id='block_1_1' title="bbox 344 1197 1288 1277">
    <p class='ocr_par' dir='ltr' id='par_1_1' title="bbox 344 1197 1288 1277">
     <span class='ocr_line' id='line_1_1' title="bbox 344 1197 1288 1277; baseline 0.005 -22"><span class='ocrx_word' id='word_1_1' title='bbox 344 1197 404 1260; x_wconf 83' lang='grc'>194</span> <span class='ocrx_word' id='word_1_2' title='bbox 591 1217 726 1260; x_wconf 68' lang='lat' dir='ltr'>rasurus</span> <span class='ocrx_word' id='word_1_3' title='bbox 743 1216 1022 1260; x_wconf 79' lang='lat' dir='ltr'>sannsuaurausrs</span> <span class='ocrx_word' id='word_1_4' title='bbox 1199 1198 1243 1277; x_wconf 80' lang='lat' dir='ltr'>[a.</span> <span class='ocrx_word' id='word_1_5' title='bbox 1259 1218 1288 1260; x_wconf 92' lang='lat' dir='ltr'>n.</span> 
     </span>
    </p>
   </div>
   <div class='ocr_carea' id='block_1_2' title="bbox 338 1367 1296 2969">
    <p class='ocr_par' dir='ltr' id='par_1_2' title="bbox 338 1367 1296 2969">
     <span class='ocr_line' id='line_1_2' title="bbox 343 1367 1293 1452; baseline 0.003 -23"><span class='ocrx_word' id='word_1_6' title='bbox 343 1367 516 1442; x_wconf 85' lang='lat' dir='ltr'>caritatem,</span> <span class='ocrx_word' id='word_1_7' title='bbox 541 1389 579 1430; x_wconf 90' lang='lat' dir='ltr'>eo</span> <span class='ocrx_word' id='word_1_8' title='bbox 606 1367 693 1452; x_wconf 93' lang='lat' dir='ltr'>quod</span> <span class='ocrx_word' id='word_1_9' title='bbox 718 1369 815 1451; x_wconf 86' lang='lat' dir='ltr'>patris</span> <span class='ocrx_word' id='word_1_10' title='bbox 842 1367 941 1430; x_wconf 82' lang='lat' dir='ltr'><strong>nostri</strong></span> <span class='ocrx_word' id='word_1_11' title='bbox 968 1378 1000 1429; x_wconf 91' lang='lat' dir='ltr'>et</span> <span class='ocrx_word' id='word_1_12' title='bbox 1026 1367 1147 1430; x_wconf 91' lang='lat' dir='ltr'>domini</span> <span class='ocrx_word' id='word_1_13' title='bbox 1171 1368 1293 1450; x_wconf 90' lang='lat' dir='ltr'>primus</span> 
     </span>
     <span class='ocr_line' id='line_1_3' title="bbox 341 1469 1295 1553; baseline 0.005 -25"><span class='ocrx_word' id='word_1_14' title='bbox 341 1469 482 1531; x_wconf 91' lang='lat' dir='ltr'>omnium</span> <span class='ocrx_word' id='word_1_15' title='bbox 505 1470 704 1550; x_wconf 84' lang='lat' dir='ltr'><strong>naufragium</strong></span> <span class='ocrx_word' id='word_1_16' title='bbox 727 1469 911 1551; x_wconf 85' lang='lat' dir='ltr'>excepistis,</span> <span class='ocrx_word' id='word_1_17' title='bbox 926 1478 959 1530; x_wconf 89' lang='lat' dir='ltr'>et</span> <span class='ocrx_word' id='word_1_18' title='bbox 980 1480 1112 1549; x_wconf 89' lang='lat' dir='ltr'>paterne</span> <span class='ocrx_word' id='word_1_19' title='bbox 1128 1470 1295 1553; x_wconf 84' lang='lat' dir='ltr'><strong>recepistis</strong></span> 
     </span>
     <span class='ocr_line' id='line_1_4' title="bbox 340 1569 1294 1651; baseline 0.002 -22"><span class='ocrx_word' id='word_1_20' title='bbox 340 1570 451 1631; x_wconf 84' lang='lat' dir='ltr'>exules</span> <span class='ocrx_word' id='word_1_21' title='bbox 466 1591 550 1647; x_wconf 88' lang='lat' dir='ltr'>suos,</span> <span class='ocrx_word' id='word_1_22' title='bbox 567 1583 598 1632; x_wconf 88' lang='lat' dir='ltr'>et</span> <span class='ocrx_word' id='word_1_23' title='bbox 612 1572 658 1632; x_wconf 90' lang='lat' dir='ltr'>eis</span> <span class='ocrx_word' id='word_1_24' title='bbox 672 1591 737 1632; x_wconf 91' lang='lat' dir='ltr'>non</span> <span class='ocrx_word' id='word_1_25' title='bbox 754 1570 851 1632; x_wconf 92' lang='lat' dir='ltr'>modo</span> <span class='ocrx_word' id='word_1_26' title='bbox 867 1569 1073 1651; x_wconf 78' lang='lat' dir='ltr'>exposuistis,</span> <span class='ocrx_word' id='word_1_27' title='bbox 1088 1569 1146 1632; x_wconf 90' lang='lat' dir='ltr'>sed</span> <span class='ocrx_word' id='word_1_28' title='bbox 1161 1576 1194 1632; x_wconf 91' lang='lat' dir='ltr'>et</span> <span class='ocrx_word' id='word_1_29' title='bbox 1205 1590 1294 1632; x_wconf 88' lang='lat' dir='ltr'>com·</span> 
     </span>
     <span class='ocr_line' id='line_1_5' title="bbox 338 1671 1295 1754; baseline 0 -22"><span class='ocrx_word' id='word_1_30' title='bbox 338 1671 528 1735; x_wconf 90' lang='lat' dir='ltr'>municastis</span> <span class='ocrx_word' id='word_1_31' title='bbox 548 1672 634 1735; x_wconf 90' lang='lat' dir='ltr'>bona</span> <span class='ocrx_word' id='word_1_32' title='bbox 655 1685 758 1735; x_wconf 86' lang='lat' dir='ltr'>vestra</span> <span class='ocrx_word' id='word_1_33' title='bbox 777 1671 818 1734; x_wconf 91' lang='lat' dir='ltr'>ud</span> <span class='ocrx_word' id='word_1_34' title='bbox 835 1672 963 1734; x_wconf 91' lang='lat' dir='ltr'>libitum</span> <span class='ocrx_word' id='word_1_35' title='bbox 982 1692 1072 1734; x_wconf 91' lang='lat' dir='ltr'>suum</span> <span class='ocrx_word' id='word_1_36' title='bbox 1094 1692 1190 1754; x_wconf 91' lang='lat' dir='ltr'>supra</span> <span class='ocrx_word' id='word_1_37' title='bbox 1212 1672 1295 1734; x_wconf 85' lang='lat' dir='ltr'>vires</span> 
     </span>
     <span class='ocr_line' id='line_1_6' title="bbox 341 1771 1294 1854; baseline 0.005 -24"><span class='ocrx_word' id='word_1_38' title='bbox 341 1782 478 1848; x_wconf 87' lang='lat' dir='ltr'>vestras;</span> <span class='ocrx_word' id='word_1_39' title='bbox 501 1773 557 1835; x_wconf 89' lang='lat' dir='ltr'>sed</span> <span class='ocrx_word' id='word_1_40' title='bbox 569 1786 674 1836; x_wconf 89' lang='lat' dir='ltr'>tamen</span> <span class='ocrx_word' id='word_1_41' title='bbox 685 1774 765 1836; x_wconf 87' lang='lat' dir='ltr'>infra</span> <span class='ocrx_word' id='word_1_42' title='bbox 777 1773 918 1836; x_wconf 91' lang='lat' dir='ltr'>animum</span> <span class='ocrx_word' id='word_1_43' title='bbox 929 1774 1074 1835; x_wconf 89' lang='lat' dir='ltr'>libertate</span> <span class='ocrx_word' id='word_1_44' title='bbox 1083 1771 1183 1836; x_wconf 93' lang='lat' dir='ltr'>nobili</span> <span class='ocrx_word' id='word_1_45' title='bbox 1198 1793 1294 1854; x_wconf 87' lang='lat' dir='ltr'>geue·</span> 
     </span>
     <span class='ocr_line' id='line_1_7' title="bbox 340 1874 1293 1957; baseline 0.001 -22"><span class='ocrx_word' id='word_1_46' title='bbox 340 1894 456 1938; x_wconf 91' lang='lat' dir='ltr'>rosum.</span> <span class='ocrx_word' id='word_1_47' title='bbox 501 1875 574 1956; x_wconf 83' lang='lat' dir='ltr'>Ego</span> <span class='ocrx_word' id='word_1_48' title='bbox 597 1888 702 1938; x_wconf 87' lang='lat' dir='ltr'>tamon</span> <span class='ocrx_word' id='word_1_49' title='bbox 726 1875 766 1937; x_wconf 91' lang='lat' dir='ltr'>ad</span> <span class='ocrx_word' id='word_1_50' title='bbox 790 1874 958 1956; x_wconf 85' lang='lat' dir='ltr'>gratiarum</span> <span class='ocrx_word' id='word_1_51' title='bbox 981 1874 1140 1938; x_wconf 76' lang='lat' dir='ltr'>actionem</span> <span class='ocrx_word' id='word_1_52' title='bbox 1164 1875 1293 1957; x_wconf 85' lang='lat' dir='ltr'>spiritu-</span> 
     </span>
     <span class='ocr_line' id='line_1_8' title="bbox 341 1976 1295 2060; baseline 0.001 -23"><span class='ocrx_word' id='word_1_53' title='bbox 341 1976 424 2039; x_wconf 90' lang='lat' dir='ltr'>alius</span> <span class='ocrx_word' id='word_1_54' title='bbox 437 1988 557 2054; x_wconf 89' lang='lat' dir='ltr'>teneor,</span> <span class='ocrx_word' id='word_1_55' title='bbox 572 1998 667 2060; x_wconf 91' lang='lat' dir='ltr'>quem</span> <span class='ocrx_word' id='word_1_56' title='bbox 691 1978 724 2039; x_wconf 93' lang='lat' dir='ltr'>in</span> <span class='ocrx_word' id='word_1_57' title='bbox 742 1976 893 2056; x_wconf 82' lang='lat' dir='ltr'>magistro</span> <span class='ocrx_word' id='word_1_58' title='bbox 912 1976 1051 2039; x_wconf 89' lang='lat' dir='ltr'>Ricardo</span> <span class='ocrx_word' id='word_1_59' title='bbox 1070 1987 1207 2057; x_wconf 82' lang='lat' dir='ltr'>cognato</span> <span class='ocrx_word' id='word_1_60' title='bbox 1221 1997 1295 2038; x_wconf 89' lang='lat' dir='ltr'>meo</span> 
     </span>
     <span class='ocr_line' id='line_1_9' title="bbox 341 2076 1295 2160; baseline -0.001 -22"><span class='ocrx_word' id='word_1_61' title='bbox 341 2077 543 2157; x_wconf 70' lang='lat' dir='ltr'>spiritualiter</span> <span class='ocrx_word' id='word_1_62' title='bbox 564 2077 738 2160; x_wconf 85' lang='lat' dir='ltr'>recepistis,</span> <span class='ocrx_word' id='word_1_63' title='bbox 754 2090 786 2140; x_wconf 89' lang='lat' dir='ltr'>et</span> <span class='ocrx_word' id='word_1_64' title='bbox 804 2076 921 2159; x_wconf 86' lang='lat' dir='ltr'>amplae</span> <span class='ocrx_word' id='word_1_65' title='bbox 943 2076 1156 2139; x_wconf 83' lang='lat' dir='ltr'>miserationis</span> <span class='ocrx_word' id='word_1_66' title='bbox 1170 2077 1295 2158; x_wconf 91' lang='lat' dir='ltr'>impen-</span> 
     </span>
     <span class='ocr_line' id='line_1_10' title="bbox 342 2175 1296 2262; baseline -0.004 -21"><span class='ocrx_word' id='word_1_67' title='bbox 342 2176 434 2242; x_wconf 88' lang='lat' dir='ltr'>distis</span> <span class='ocrx_word' id='word_1_68' title='bbox 457 2178 617 2251; x_wconf 86' lang='lat' dir='ltr'>solatium,</span> <span class='ocrx_word' id='word_1_69' title='bbox 641 2189 672 2241; x_wconf 90' lang='lat' dir='ltr'>et</span> <span class='ocrx_word' id='word_1_70' title='bbox 686 2178 761 2262; x_wconf 90' lang='lat' dir='ltr'>quia</span> <span class='ocrx_word' id='word_1_71' title='bbox 782 2187 878 2241; x_wconf 79' lang='lat' dir='ltr'>tantae</span> <span class='ocrx_word' id='word_1_72' title='bbox 898 2176 1091 2240; x_wconf 84' lang='lat' dir='ltr'>humanitati</span> <span class='ocrx_word' id='word_1_73' title='bbox 1113 2187 1150 2240; x_wconf 92' lang='lat' dir='ltr'>ut</span> <span class='ocrx_word' id='word_1_74' title='bbox 1168 2175 1296 2239; x_wconf 87' lang='lat' dir='ltr'>deceret</span> 
     </span>
     <span class='ocr_line' id='line_1_11' title="bbox 340 2277 1293 2364; baseline -0.003 -22"><span class='ocrx_word' id='word_1_75' title='bbox 340 2280 533 2364; x_wconf 89' lang='lat' dir='ltr'>respondere</span> <span class='ocrx_word' id='word_1_76' title='bbox 553 2301 619 2342; x_wconf 90' lang='lat' dir='ltr'>non</span> <span class='ocrx_word' id='word_1_77' title='bbox 641 2300 782 2362; x_wconf 90' lang='lat' dir='ltr'>possum,</span> <span class='ocrx_word' id='word_1_78' title='bbox 798 2278 945 2342; x_wconf 90' lang='lat' dir='ltr'>desidero</span> <span class='ocrx_word' id='word_1_79' title='bbox 966 2288 1002 2340; x_wconf 92' lang='lat' dir='ltr'>ut</span> <span class='ocrx_word' id='word_1_80' title='bbox 1017 2277 1103 2361; x_wconf 90' lang='lat' dir='ltr'>quod</span> <span class='ocrx_word' id='word_1_81' title='bbox 1119 2278 1149 2341; x_wconf 91' lang='lat' dir='ltr'>ei</span> <span class='ocrx_word' id='word_1_82' title='bbox 1171 2277 1293 2341; x_wconf 88' lang='lat' dir='ltr'>fecistis</span> 
     </span>
     <span class='ocr_line' id='line_1_12' title="bbox 340 2379 1293 2461; baseline -0.001 -18"><span class='ocrx_word' id='word_1_83' title='bbox 340 2389 373 2444; x_wconf 91' lang='lat' dir='ltr'>et</span> <span class='ocrx_word' id='word_1_84' title='bbox 387 2382 502 2458; x_wconf 79' lang='lat' dir='ltr'>facitis,</span> <span class='ocrx_word' id='word_1_85' title='bbox 517 2381 609 2443; x_wconf 91' lang='lat' dir='ltr'>vobis</span> <span class='ocrx_word' id='word_1_86' title='bbox 624 2382 815 2444; x_wconf 86' lang='lat' dir='ltr'>retribuatur</span> <span class='ocrx_word' id='word_1_87' title='bbox 829 2401 849 2442; x_wconf 91' lang='lat' dir='ltr'>a</span> <span class='ocrx_word' id='word_1_88' title='bbox 865 2379 1015 2456; x_wconf 84' lang='lat' dir='ltr'>Domine,</span> <span class='ocrx_word' id='word_1_89' title='bbox 1032 2380 1087 2461; x_wconf 95' lang='lat' dir='ltr'>qui</span> <span class='ocrx_word' id='word_1_90' title='bbox 1102 2389 1219 2461; x_wconf 86' lang='lat' dir='ltr'>potens</span> <span class='ocrx_word' id='word_1_91' title='bbox 1235 2390 1293 2455; x_wconf 86' lang='lat' dir='ltr'>est,</span> 
     </span>
     <span class='ocr_line' id='line_1_13' title="bbox 342 2480 1292 2563; baseline -0.001 -20"><span class='ocrx_word' id='word_1_92' title='bbox 342 2490 375 2544; x_wconf 90' lang='lat' dir='ltr'>at</span> <span class='ocrx_word' id='word_1_93' title='bbox 385 2502 564 2544; x_wconf 91' lang='lat' dir='ltr'>mensuram</span> <span class='ocrx_word' id='word_1_94' title='bbox 574 2482 702 2559; x_wconf 89' lang='lat' dir='ltr'>bonum,</span> <span class='ocrx_word' id='word_1_95' title='bbox 713 2492 746 2545; x_wconf 90' lang='lat' dir='ltr'>et</span> <span class='ocrx_word' id='word_1_96' title='bbox 755 2482 954 2561; x_wconf 83' lang='lat' dir='ltr'>coagulatam</span> <span class='ocrx_word' id='word_1_97' title='bbox 967 2492 999 2542; x_wconf 92' lang='lat' dir='ltr'>et</span> <span class='ocrx_word' id='word_1_98' title='bbox 1013 2480 1292 2563; x_wconf 88' lang='lat' dir='ltr'>supereffluentem</span> 
     </span>
     <span class='ocr_line' id='line_1_14' title="bbox 341 2580 1294 2662; baseline 0 -17"><span class='ocrx_word' id='word_1_99' title='bbox 341 2582 465 2658; x_wconf 89' lang='lat' dir='ltr'>reddat,</span> <span class='ocrx_word' id='word_1_100' title='bbox 480 2592 512 2644; x_wconf 90' lang='lat' dir='ltr'>ct</span> <span class='ocrx_word' id='word_1_101' title='bbox 527 2581 735 2662; x_wconf 89' lang='lat' dir='ltr'>superfundat</span> <span class='ocrx_word' id='word_1_102' title='bbox 750 2583 782 2642; x_wconf 92' lang='lat' dir='ltr'>in</span> <span class='ocrx_word' id='word_1_103' title='bbox 798 2580 1066 2643; x_wconf 84' lang='lat' dir='ltr'>benefacientium</span> <span class='ocrx_word' id='word_1_104' title='bbox 1080 2581 1178 2645; x_wconf 91' lang='lat' dir='ltr'>sinus.</span> <span class='ocrx_word' id='word_1_105' title='bbox 1221 2584 1294 2662; x_wconf 83' lang='lat' dir='ltr'>Ego</span> 
     </span>
     <span class='ocr_line' id='line_1_15' title="bbox 343 2678 1295 2765; baseline -0.002 -18"><span class='ocrx_word' id='word_1_106' title='bbox 343 2692 448 2747; x_wconf 89' lang='lat' dir='ltr'>autem</span> <span class='ocrx_word' id='word_1_107' title='bbox 464 2692 565 2745; x_wconf 92' lang='lat' dir='ltr'>totum</span> <span class='ocrx_word' id='word_1_108' title='bbox 586 2678 619 2743; x_wconf 92' lang='lat' dir='ltr'>id</span> <span class='ocrx_word' id='word_1_109' title='bbox 635 2681 722 2763; x_wconf 91' lang='lat' dir='ltr'>quod</span> <span class='ocrx_word' id='word_1_110' title='bbox 738 2702 880 2764; x_wconf 90' lang='lat' dir='ltr'>possum,</span> <span class='ocrx_word' id='word_1_111' title='bbox 895 2683 1051 2765; x_wconf 89' lang='lat' dir='ltr'>obsequio</span> <span class='ocrx_word' id='word_1_112' title='bbox 1069 2695 1174 2745; x_wconf 87' lang='lat' dir='ltr'>vestro</span> <span class='ocrx_word' id='word_1_113' title='bbox 1188 2684 1295 2746; x_wconf 91' lang='lat' dir='ltr'>libens</span> 
     </span>
     <span class='ocr_line' id='line_1_16' title="bbox 342 2780 1295 2864; baseline -0.003 -16"><span class='ocrx_word' id='word_1_114' title='bbox 342 2784 493 2860; x_wconf 79' lang='lat' dir='ltr'>devoveO,</span> <span class='ocrx_word' id='word_1_115' title='bbox 504 2792 632 2846; x_wconf 88' lang='lat' dir='ltr'>acturus</span> <span class='ocrx_word' id='word_1_116' title='bbox 645 2784 714 2845; x_wconf 92' lang='lat' dir='ltr'>Deo</span> <span class='ocrx_word' id='word_1_117' title='bbox 726 2783 854 2864; x_wconf 80' lang='lat' dir='ltr'>gratias,</span> <span class='ocrx_word' id='word_1_118' title='bbox 868 2783 894 2843; x_wconf 90' lang='lat' dir='ltr'>si</span> <span class='ocrx_word' id='word_1_119' title='bbox 906 2783 1150 2846; x_wconf 87' lang='lat' dir='ltr'>misericorditer</span> <span class='ocrx_word' id='word_1_120' title='bbox 1161 2780 1295 2859; x_wconf 90' lang='lat' dir='ltr'>dederit,</span> 
     </span>
     <span class='ocr_line' id='line_1_17' title="bbox 342 2885 1064 2969; baseline 0 -20"><span class='ocrx_word' id='word_1_121' title='bbox 342 2897 378 2950; x_wconf 91' lang='lat' dir='ltr'>ut</span> <span class='ocrx_word' id='word_1_122' title='bbox 391 2887 512 2969; x_wconf 91' lang='lat' dir='ltr'>possim</span> <span class='ocrx_word' id='word_1_123' title='bbox 527 2886 618 2947; x_wconf 91' lang='lat' dir='ltr'>vobis</span> <span class='ocrx_word' id='word_1_124' title='bbox 633 2885 795 2948; x_wconf 89' lang='lat' dir='ltr'>officiosus</span> <span class='ocrx_word' id='word_1_125' title='bbox 809 2905 881 2947; x_wconf 88' lang='lat' dir='ltr'>esse</span> <span class='ocrx_word' id='word_1_126' title='bbox 896 2886 928 2947; x_wconf 89' lang='lat' dir='ltr'>in</span> <span class='ocrx_word' id='word_1_127' title='bbox 946 2886 1064 2968; x_wconf 90' lang='lat' dir='ltr'>aliquo.</span> 
     </span>
    </p>
   </div>
   <div class='ocr_carea' id='block_1_3' title="bbox 343 3053 1294 3234">
    <p class='ocr_par' dir='ltr' id='par_1_3' title="bbox 343 3053 1294 3234">
     <span class='ocr_line' id='line_1_18' title="bbox 343 3053 1294 3121; baseline -0.004 -1"><span class='ocrx_word' id='word_1_128' title='bbox 343 3056 484 3121; x_wconf 81' lang='lat' dir='ltr'><strong>EPIST.</strong></span> <span class='ocrx_word' id='word_1_129' title='bbox 507 3053 823 3120; x_wconf 68' lang='lat' dir='ltr'>cxxxvm-lo</span> <span class='ocrx_word' id='word_1_130' title='bbox 839 3072 986 3117; x_wconf 84' lang='lat' dir='ltr'>raouau</span> <span class='ocrx_word' id='word_1_131' title='bbox 1002 3073 1294 3118; x_wconf 73' lang='lat' dir='ltr'>cauruamausnu.</span> 
     </span>
     <span class='ocr_line' id='line_1_19' title="bbox 704 3155 926 3234; baseline -0.009 -19"><span class='ocrx_word' id='word_1_132' title='bbox 704 3155 748 3234; x_wconf 79' lang='lat' dir='ltr'>[A.</span> <span class='ocrx_word' id='word_1_133' title='bbox 767 3174 796 3216; x_wconf 91' lang='lat' dir='ltr'>n.</span> <span class='ocrx_word' id='word_1_134' title='bbox 818 3155 926 3234; x_wconf 68' lang='lat' dir='ltr'>llos]</span> 
     </span>
    </p>
   </div>
   <div class='ocr_carea' id='block_1_4' title="bbox 341 3268 1296 3764">
    <p class='ocr_par' dir='ltr' id='par_1_4' title="bbox 341 3268 1296 3764">
     <span class='ocr_line' id='line_1_20' title="bbox 386 3268 1293 3356; baseline -0.003 -19"><span class='ocrx_word' id='word_1_135' title='bbox 386 3274 492 3349; x_wconf 79' lang='lat' dir='ltr'>Quum</span> <span class='ocrx_word' id='word_1_136' title='bbox 508 3270 672 3335; x_wconf 91' lang='lat' dir='ltr'>dominum</span> <span class='ocrx_word' id='word_1_137' title='bbox 696 3292 812 3356; x_wconf 90' lang='lat' dir='ltr'>papam</span> <span class='ocrx_word' id='word_1_138' title='bbox 833 3292 936 3356; x_wconf 90' lang='lat' dir='ltr'>nuper</span> <span class='ocrx_word' id='word_1_139' title='bbox 952 3268 1164 3349; x_wconf 88' lang='lat' dir='ltr'>sollicitarem,</span> <span class='ocrx_word' id='word_1_140' title='bbox 1179 3284 1210 3334; x_wconf 90' lang='lat' dir='ltr'>et</span> <span class='ocrx_word' id='word_1_141' title='bbox 1226 3273 1293 3335; x_wconf 88' lang='lat' dir='ltr'>ani-</span> 
     </span>
     <span class='ocr_line' id='line_1_21' title="bbox 342 3371 1294 3457; baseline -0.003 -18"><span class='ocrx_word' id='word_1_142' title='bbox 342 3394 473 3453; x_wconf 88' lang='lat' dir='ltr'>marem,</span> <span class='ocrx_word' id='word_1_143' title='bbox 494 3385 526 3438; x_wconf 90' lang='lat' dir='ltr'>et</span> <span class='ocrx_word' id='word_1_144' title='bbox 549 3373 643 3452; x_wconf 90' lang='lat' dir='ltr'>viam,</span> <span class='ocrx_word' id='word_1_145' title='bbox 666 3394 762 3457; x_wconf 91' lang='lat' dir='ltr'>quam</span> <span class='ocrx_word' id='word_1_146' title='bbox 779 3371 856 3437; x_wconf 90' lang='lat' dir='ltr'>mibi</span> <span class='ocrx_word' id='word_1_147' title='bbox 880 3372 1012 3437; x_wconf 87' lang='lat' dir='ltr'>videbar</span> <span class='ocrx_word' id='word_1_148' title='bbox 1031 3371 1235 3448; x_wconf 88' lang='lat' dir='ltr'>intellexisse,</span> <span class='ocrx_word' id='word_1_149' title='bbox 1251 3373 1294 3436; x_wconf 92' lang='lat' dir='ltr'>ad</span> 
     </span>
     <span class='ocr_line' id='line_1_22' title="bbox 342 3472 1294 3564; baseline -0.004 -23"><span class='ocrx_word' id='word_1_150' title='bbox 342 3499 452 3564; x_wconf 82' lang='lat' dir='ltr'>pacem</span> <span class='ocrx_word' id='word_1_151' title='bbox 477 3476 539 3541; x_wconf 90' lang='lat' dir='ltr'>sibi</span> <span class='ocrx_word' id='word_1_152' title='bbox 569 3488 601 3540; x_wconf 92' lang='lat' dir='ltr'>et</span> <span class='ocrx_word' id='word_1_153' title='bbox 630 3474 722 3538; x_wconf 88' lang='lat' dir='ltr'>nobis</span> <span class='ocrx_word' id='word_1_154' title='bbox 747 3473 992 3554; x_wconf 88' lang='lat' dir='ltr'>reformandam,</span> <span class='ocrx_word' id='word_1_155' title='bbox 1020 3472 1196 3538; x_wconf 89' lang='lat' dir='ltr'>studiosius</span> <span class='ocrx_word' id='word_1_156' title='bbox 1221 3474 1294 3538; x_wconf 92' lang='lat' dir='ltr'>inti-</span> 
     </span>
     <span class='ocr_line' id='line_1_23' title="bbox 341 3575 1296 3663; baseline -0.002 -21"><span class='ocrx_word' id='word_1_157' title='bbox 341 3599 473 3655; x_wconf 89' lang='lat' dir='ltr'>marem,</span> <span class='ocrx_word' id='word_1_158' title='bbox 488 3576 652 3663; x_wconf 89' lang='lat' dir='ltr'>respondit</span> <span class='ocrx_word' id='word_1_159' title='bbox 673 3598 706 3641; x_wconf 89' lang='lat' dir='ltr'>se</span> <span class='ocrx_word' id='word_1_160' title='bbox 722 3597 811 3660; x_wconf 87' lang='lat' dir='ltr'>spem</span> <span class='ocrx_word' id='word_1_161' title='bbox 830 3575 1009 3660; x_wconf 87' lang='lat' dir='ltr'>concepisse</span> <span class='ocrx_word' id='word_1_162' title='bbox 1023 3575 1110 3662; x_wconf 88' lang='lat' dir='ltr'>pacis</span> <span class='ocrx_word' id='word_1_163' title='bbox 1130 3598 1169 3639; x_wconf 90' lang='lat' dir='ltr'>ex</span> <span class='ocrx_word' id='word_1_164' title='bbox 1190 3576 1296 3640; x_wconf 89' lang='lat' dir='ltr'>verbis</span> 
     </span>
     <span class='ocr_line' id='line_1_24' title="bbox 343 3678 1296 3764; baseline 0 -22"><span class='ocrx_word' id='word_1_165' title='bbox 343 3679 551 3763; x_wconf 89' lang='lat' dir='ltr'>imperatoris,</span> <span class='ocrx_word' id='word_1_166' title='bbox 567 3699 639 3764; x_wconf 86' lang='lat' dir='ltr'>quae</span> <span class='ocrx_word' id='word_1_167' title='bbox 654 3701 710 3764; x_wconf 90' lang='lat' dir='ltr'>per</span> <span class='ocrx_word' id='word_1_168' title='bbox 726 3679 876 3743; x_wconf 89' lang='lat' dir='ltr'>abbatem</span> <span class='ocrx_word' id='word_1_169' title='bbox 896 3692 1012 3741; x_wconf 87' lang='lat' dir='ltr'>sanctae</span> <span class='ocrx_word' id='word_1_170' title='bbox 1028 3679 1142 3743; x_wconf 76' lang='lat' dir='ltr'>Manae</span> <span class='ocrx_word' id='word_1_171' title='bbox 1157 3678 1197 3742; x_wconf 91' lang='lat' dir='ltr'>de</span> <span class='ocrx_word' id='word_1_172' title='bbox 1211 3682 1296 3742; x_wconf 89' lang='lat' dir='ltr'>Voto</span> 
     </span>
    </p>
   </div>
   <div class='ocr_carea' id='block_1_5' title="bbox 342 3780 1298 4882">
    <p class='ocr_par' dir='ltr' id='par_1_5' title="bbox 342 3780 1298 4882">
     <span class='ocr_line' id='line_1_25' title="bbox 345 3780 1296 3865; baseline -0.001 -21"><span class='ocrx_word' id='word_1_173' title='bbox 345 3792 421 3844; x_wconf 91' lang='lat' dir='ltr'>tunc</span> <span class='ocrx_word' id='word_1_174' title='bbox 453 3781 676 3854; x_wconf 87' lang='lat' dir='ltr'>transmiserat,</span> <span class='ocrx_word' id='word_1_175' title='bbox 700 3780 890 3865; x_wconf 88' lang='lat' dir='ltr'>promittens</span> <span class='ocrx_word' id='word_1_176' title='bbox 920 3802 1025 3863; x_wconf 85' lang='lat' dir='ltr'>regem</span> <span class='ocrx_word' id='word_1_177' title='bbox 1051 3780 1179 3865; x_wconf 86' lang='lat' dir='ltr'>Angliae</span> <span class='ocrx_word' id='word_1_178' title='bbox 1206 3780 1296 3843; x_wconf 88' lang='lat' dir='ltr'>facile</span> 
     </span>
     <span class='ocr_line' id='line_1_26' title="bbox 344 3880 1296 3969; baseline -0.001 -24"><span class='ocrx_word' id='word_1_179' title='bbox 344 3904 437 3969; x_wconf 90' lang='lat' dir='ltr'>posse</span> <span class='ocrx_word' id='word_1_180' title='bbox 451 3880 559 3944; x_wconf 90' lang='lat' dir='ltr'>induci</span> <span class='ocrx_word' id='word_1_181' title='bbox 579 3881 618 3943; x_wconf 91' lang='lat' dir='ltr'>ad</span> <span class='ocrx_word' id='word_1_182' title='bbox 641 3904 854 3966; x_wconf 87' lang='lat' dir='ltr'>quaecnmque</span> <span class='ocrx_word' id='word_1_183' title='bbox 875 3881 969 3944; x_wconf 89' lang='lat' dir='ltr'>vellet</span> <span class='ocrx_word' id='word_1_184' title='bbox 990 3882 1138 3945; x_wconf 91' lang='lat' dir='ltr'>dominus</span> <span class='ocrx_word' id='word_1_185' title='bbox 1161 3905 1255 3968; x_wconf 89' lang='lat' dir='ltr'>papa,</span> <span class='ocrx_word' id='word_1_186' title='bbox 1272 3882 1296 3945; x_wconf 89' lang='lat' dir='ltr'>si</span> 
     </span>
     <span class='ocr_line' id='line_1_27' title="bbox 342 3981 1294 4071; baseline -0.001 -23"><span class='ocrx_word' id='word_1_187' title='bbox 342 3985 410 4071; x_wconf 89' lang='lat' dir='ltr'>ipse</span> <span class='ocrx_word' id='word_1_188' title='bbox 433 4006 534 4069; x_wconf 84' lang='lat' dir='ltr'>reges,</span> <span class='ocrx_word' id='word_1_189' title='bbox 559 3994 595 4047; x_wconf 93' lang='lat' dir='ltr'>ut</span> <span class='ocrx_word' id='word_1_190' title='bbox 624 3981 679 4046; x_wconf 92' lang='lat' dir='ltr'>diu</span> <span class='ocrx_word' id='word_1_191' title='bbox 705 3984 840 4067; x_wconf 87' lang='lat' dir='ltr'>petitum</span> <span class='ocrx_word' id='word_1_192' title='bbox 865 3998 922 4058; x_wconf 91' lang='lat' dir='ltr'>est,</span> <span class='ocrx_word' id='word_1_193' title='bbox 953 3982 1047 4046; x_wconf 85' lang='lat' dir='ltr'>vellet</span> <span class='ocrx_word' id='word_1_194' title='bbox 1070 3984 1294 4047; x_wconf 82' lang='lat' dir='ltr'>confoederare.</span> 
     </span>
     <span class='ocr_line' id='line_1_28' title="bbox 344 4084 1295 4173; baseline -0.005 -21"><span class='ocrx_word' id='word_1_195' title='bbox 344 4086 399 4152; x_wconf 88' lang='lat' dir='ltr'>Ad</span> <span class='ocrx_word' id='word_1_196' title='bbox 415 4086 502 4173; x_wconf 91' lang='lat' dir='ltr'>quod</span> <span class='ocrx_word' id='word_1_197' title='bbox 516 4085 593 4171; x_wconf 88' lang='lat' dir='ltr'>quia</span> <span class='ocrx_word' id='word_1_198' title='bbox 607 4084 754 4150; x_wconf 91' lang='lat' dir='ltr'>dominus</span> <span class='ocrx_word' id='word_1_199' title='bbox 769 4108 854 4171; x_wconf 86' lang='lat' dir='ltr'>papa</span> <span class='ocrx_word' id='word_1_200' title='bbox 868 4105 986 4170; x_wconf 90' lang='lat' dir='ltr'>pronus</span> <span class='ocrx_word' id='word_1_201' title='bbox 1001 4097 1059 4157; x_wconf 87' lang='lat' dir='ltr'>est,</span> <span class='ocrx_word' id='word_1_202' title='bbox 1076 4098 1108 4147; x_wconf 88' lang='lat' dir='ltr'>et</span> <span class='ocrx_word' id='word_1_203' title='bbox 1124 4107 1178 4148; x_wconf 86' lang='lat' dir='ltr'>rex</span> <span class='ocrx_word' id='word_1_204' title='bbox 1196 4086 1295 4147; x_wconf 88' lang='lat' dir='ltr'>Fran-</span> 
     </span>
     <span class='ocr_line' id='line_1_29' title="bbox 344 4185 1295 4272; baseline -0.004 -18"><span class='ocrx_word' id='word_1_205' title='bbox 344 4212 454 4254; x_wconf 90' lang='lat' dir='ltr'>corum</span> <span class='ocrx_word' id='word_1_206' title='bbox 482 4188 585 4252; x_wconf 87' lang='lat' dir='ltr'>facilis</span> <span class='ocrx_word' id='word_1_207' title='bbox 609 4188 764 4265; x_wconf 90' lang='lat' dir='ltr'>inclinari,</span> <span class='ocrx_word' id='word_1_208' title='bbox 788 4187 829 4251; x_wconf 88' lang='lat' dir='ltr'>de</span> <span class='ocrx_word' id='word_1_209' title='bbox 858 4185 1019 4271; x_wconf 92' lang='lat' dir='ltr'>colloquio</span> <span class='ocrx_word' id='word_1_210' title='bbox 1042 4208 1100 4249; x_wconf 92' lang='lat' dir='ltr'>suo</span> <span class='ocrx_word' id='word_1_211' title='bbox 1129 4200 1160 4250; x_wconf 88' lang='lat' dir='ltr'>et</span> <span class='ocrx_word' id='word_1_212' title='bbox 1182 4209 1295 4272; x_wconf 85' lang='lat' dir='ltr'>regum</span> 
     </span>
     <span class='ocr_line' id='line_1_30' title="bbox 344 4289 1296 4374; baseline -0.006 -16"><span class='ocrx_word' id='word_1_213' title='bbox 344 4307 450 4358; x_wconf 90' lang='lat' dir='ltr'>certus</span> <span class='ocrx_word' id='word_1_214' title='bbox 465 4314 530 4354; x_wconf 88' lang='lat' dir='ltr'>esse</span> <span class='ocrx_word' id='word_1_215' title='bbox 546 4291 724 4355; x_wconf 88' lang='lat' dir='ltr'>videbatur.</span> <span class='ocrx_word' id='word_1_216' title='bbox 752 4294 796 4354; x_wconf 86' lang='lat' dir='ltr'>Et</span> <span class='ocrx_word' id='word_1_217' title='bbox 808 4292 875 4374; x_wconf 88' lang='lat' dir='ltr'>jam</span> <span class='ocrx_word' id='word_1_218' title='bbox 892 4310 996 4373; x_wconf 87' lang='lat' dir='ltr'>regem</span> <span class='ocrx_word' id='word_1_219' title='bbox 1009 4289 1206 4352; x_wconf 87' lang='lat' dir='ltr'>Francorum</span> <span class='ocrx_word' id='word_1_220' title='bbox 1223 4310 1296 4352; x_wconf 88' lang='lat' dir='ltr'>evo-</span> 
     </span>
     <span class='ocr_line' id='line_1_31' title="bbox 344 4389 1296 4476; baseline -0.008 -17"><span class='ocrx_word' id='word_1_221' title='bbox 344 4408 479 4471; x_wconf 89' lang='lat' dir='ltr'>caverat,</span> <span class='ocrx_word' id='word_1_222' title='bbox 497 4406 533 4457; x_wconf 91' lang='lat' dir='ltr'>ut</span> <span class='ocrx_word' id='word_1_223' title='bbox 550 4392 784 4456; x_wconf 84' lang='lat' dir='ltr'>Purificationis</span> <span class='ocrx_word' id='word_1_224' title='bbox 800 4392 917 4456; x_wconf 81' lang='lat' dir='ltr'>festum</span> <span class='ocrx_word' id='word_1_225' title='bbox 930 4404 1038 4476; x_wconf 85' lang='lat' dir='ltr'>ageret</span> <span class='ocrx_word' id='word_1_226' title='bbox 1049 4413 1167 4454; x_wconf 54' lang='lat' dir='ltr'>secum,</span> <span class='ocrx_word' id='word_1_227' title='bbox 1215 4389 1296 4452; x_wconf 90' lang='lat' dir='ltr'>Inde</span> 
     </span>
     <span class='ocr_line' id='line_1_32' title="bbox 343 4490 1295 4581; baseline -0.012 -18"><span class='ocrx_word' id='word_1_228' title='bbox 343 4521 418 4563; x_wconf 87' lang='lat' dir='ltr'>vero</span> <span class='ocrx_word' id='word_1_229' title='bbox 433 4494 623 4581; x_wconf 85' lang='lat' dir='ltr'>digrediens,</span> <span class='ocrx_word' id='word_1_230' title='bbox 638 4517 743 4579; x_wconf 85' lang='lat' dir='ltr'>regem</span> <span class='ocrx_word' id='word_1_231' title='bbox 765 4493 894 4556; x_wconf 89' lang='lat' dir='ltr'>obvium</span> <span class='ocrx_word' id='word_1_232' title='bbox 912 4493 1010 4557; x_wconf 88' lang='lat' dir='ltr'>habui</span> <span class='ocrx_word' id='word_1_233' title='bbox 1033 4516 1133 4579; x_wconf 89' lang='lat' dir='ltr'>prope</span> <span class='ocrx_word' id='word_1_234' title='bbox 1149 4490 1295 4565; x_wconf 89' lang='lat' dir='ltr'>Parisios,</span> 
     </span>
     <span class='ocr_line' id='line_1_33' title="bbox 343 4591 1296 4679; baseline -0.012 -17"><span class='ocrx_word' id='word_1_235' title='bbox 343 4609 374 4662; x_wconf 90' lang='lat' dir='ltr'>et</span> <span class='ocrx_word' id='word_1_236' title='bbox 397 4618 469 4660; x_wconf 91' lang='lat' dir='ltr'>cum</span> <span class='ocrx_word' id='word_1_237' title='bbox 493 4617 530 4657; x_wconf 92' lang='lat' dir='ltr'>eo</span> <span class='ocrx_word' id='word_1_238' title='bbox 553 4593 607 4657; x_wconf 93' lang='lat' dir='ltr'>diu</span> <span class='ocrx_word' id='word_1_239' title='bbox 625 4594 779 4679; x_wconf 89' lang='lat' dir='ltr'>loquutus</span> <span class='ocrx_word' id='word_1_240' title='bbox 796 4613 889 4664; x_wconf 90' lang='lat' dir='ltr'>sum;</span> <span class='ocrx_word' id='word_1_241' title='bbox 913 4605 945 4656; x_wconf 90' lang='lat' dir='ltr'>et</span> <span class='ocrx_word' id='word_1_242' title='bbox 962 4591 1035 4656; x_wconf 89' lang='lat' dir='ltr'>licet</span> <span class='ocrx_word' id='word_1_243' title='bbox 1059 4594 1150 4657; x_wconf 85' lang='lat' dir='ltr'>vobis</span> <span class='ocrx_word' id='word_1_244' title='bbox 1165 4605 1196 4655; x_wconf 89' lang='lat' dir='ltr'>et</span> <span class='ocrx_word' id='word_1_245' title='bbox 1219 4612 1296 4652; x_wconf 90' lang='lat' dir='ltr'>exu-</span> 
     </span>
     <span class='ocr_line' id='line_1_34' title="bbox 342 4690 1298 4781; baseline -0.009 -18"><span class='ocrx_word' id='word_1_246' title='bbox 342 4699 427 4763; x_wconf 92' lang='lat' dir='ltr'>libus</span> <span class='ocrx_word' id='word_1_247' title='bbox 442 4695 553 4761; x_wconf 88' lang='lat' dir='ltr'>vestris</span> <span class='ocrx_word' id='word_1_248' title='bbox 568 4708 812 4781; x_wconf 85' lang='lat' dir='ltr'>compateretur,</span> <span class='ocrx_word' id='word_1_249' title='bbox 828 4707 860 4756; x_wconf 90' lang='lat' dir='ltr'>et</span> <span class='ocrx_word' id='word_1_250' title='bbox 876 4693 957 4756; x_wconf 88' lang='lat' dir='ltr'>hanc</span> <span class='ocrx_word' id='word_1_251' title='bbox 973 4692 1092 4757; x_wconf 89' lang='lat' dir='ltr'>domini</span> <span class='ocrx_word' id='word_1_252' title='bbox 1112 4693 1197 4779; x_wconf 83' lang='lat' dir='ltr'>regis</span> <span class='ocrx_word' id='word_1_253' title='bbox 1210 4690 1298 4754; x_wconf 92' lang='lat' dir='ltr'>duri·</span> 
     </span>
     <span class='ocr_line' id='line_1_35' title="bbox 345 4792 1296 4882; baseline -0.009 -21"><span class='ocrx_word' id='word_1_254' title='bbox 345 4800 419 4862; x_wconf 89' lang='lat' dir='ltr'>tiam</span> <span class='ocrx_word' id='word_1_255' title='bbox 428 4797 635 4882; x_wconf 87' lang='lat' dir='ltr'>improbaret,</span> <span class='ocrx_word' id='word_1_256' title='bbox 645 4796 768 4859; x_wconf 89' lang='lat' dir='ltr'>miniori</span> <span class='ocrx_word' id='word_1_257' title='bbox 783 4809 887 4858; x_wconf 88' lang='lat' dir='ltr'>tamen</span> <span class='ocrx_word' id='word_1_258' title='bbox 895 4795 1020 4858; x_wconf 86' lang='lat' dir='ltr'>fervore</span> <span class='ocrx_word' id='word_1_259' title='bbox 1031 4795 1119 4879; x_wconf 93' lang='lat' dir='ltr'>loqui</span> <span class='ocrx_word' id='word_1_260' title='bbox 1127 4792 1296 4858; x_wconf 86' lang='lat' dir='ltr'>videbatur</span> 
     </span>
    </p>
   </div>
   <div class='ocr_carea' id='block_1_6' title="bbox 0 0 1654 6434">
    <p class='ocr_par' dir='ltr' id='par_1_6' title="bbox 0 0 1654 6434">
     <span class='ocr_line' id='line_1_36' title="bbox 0 0 1654 6434; baseline 0 0"><span class='ocrx_word' id='word_1_261' title='bbox 0 0 1654 6434; x_wconf 95' lang='lat' dir='ltr'> </span> 
     </span>
    </p>
   </div>
  </div>
 </body>
</html>
