3300 6434
359 1236 401 1294 28
616 1246 752 1291 solutus
767 1246 1045 1291 sanasnaaiunsrs
1213 1226 1257 1307 [r.
1276 1247 1309 1291 o.

359 1400 480 1479 bentes,
494 1397 582 1484 quod
605 1400 708 1461 zelum
728 1397 866 1483 justitiae
887 1396 970 1461 inter
991 1396 1141 1459 barbaros
1156 1396 1309 1477 retinetis,

345 1516 463 1572 ¹rutum
490 1500 631 1566 habituri
657 1499 811 1586 quicquid
838 1498 1011 1563 secundum
1043 1498 1218 1564 Dominum
1245 1512 1309 1563 sta·

359 1604 457 1669 tuetis
470 1603 502 1667 in
526 1603 608 1683 illos,
623 1602 680 1689 qui
702 1601 890 1666 crucifixum
914 1602 1029 1681 adhuc,
1045 1602 1102 1686 qui
1126 1601 1157 1664 in
1180 1600 1310 1665 ecclesia

358 1704 541 1770 adorandus
555 1718 614 1785 est,
629 1716 876 1789 persequuntur.

649 1956 868 2020 EPISTOLA
891 1959 1014 2021 XXVI.

399 2114 610 2176 Anaunuous
625 2127 723 2182 eram,
738 2118 840 2190 pater,
856 2105 881 2169 si
905 2128 966 2169 non
989 2108 1154 2173 conatibus
1177 2111 1255 2173 meis
1276 2111 1307 2173 in

354 2211 542 2276 executione
574 2208 715 2273 mandati
746 2207 841 2272 vestri
874 2209 1040 2272 necessitas
1070 2210 1177 2295 potius
1209 2233 1308 2296 quam

355 2312 550 2400 negligentia
565 2309 757 2374 obstetisset.
802 2312 893 2394 Ergo
912 2310 990 2394 quia
1013 2311 1207 2396 Magistrum
1227 2312 1309 2377 Wil-

355 2415 496 2488 lelmum‚
507 2436 546 2476 ex
559 2434 625 2498 quo
636 2435 656 2475 a
666 2412 756 2475 vobis
765 2410 906 2490 discessi,
917 2411 1023 2475 videre
1034 2436 1096 2476 non
1106 2414 1211 2499 potui,
1221 2428 1311 2479 ante·

356 2538 451 2604 quarn
469 2514 543 2578 visis
558 2514 672 2578 litteris
687 2513 799 2578 vestris
815 2516 921 2596 ipsum
936 2512 977 2576 ad
993 2512 1076 2578 dom.
1096 2522 1133 2580 A.
1150 2538 1207 2601 per
1221 2515 1306 2581 dom.

354 2616 624 2703 archiepiscopum
640 2614 680 2678 ad
697 2614 912 2700 impetrandas
929 2615 1072 2680 inducias
1087 2617 1215 2680 fecerim
1234 2641 1307 2681 evo·

355 2720 430 2783 cari.
475 2716 647 2783 Laboravit
669 2716 711 2779 ad
733 2716 801 2779 haec
824 2717 1089 2805 archiepiscopus,
1110 2732 1141 2783 et
1168 2743 1228 2804 ego
1250 2719 1307 2782 ad-

355 2820 464 2885 hibitis
475 2820 565 2885 sociis
577 2819 728 2895 laboravi,
741 2819 795 2882 sed
808 2842 870 2882 non
886 2820 981 2904 periit
993 2821 1025 2883 in
1038 2844 1075 2883 eo
1087 2821 1175 2884 labor
1190 2836 1306 2886 noster.

357 2923 469 2988 Veniet
492 2923 600 3009 itaque
622 2922 663 2985 ad
689 2921 772 2984 diem
796 2922 858 2985 sibi
884 2923 1064 3007 praefixum,
1088 2937 1119 2988 et
1142 2923 1225 2987 forte
1252 2923 1307 3009 qui

354 3039 479 3090 nostras
504 3024 705 3110 contempsit,
730 3022 755 3087 si
782 3038 886 3087 tamen
914 3047 1038 3088 necesse
1062 3025 1171 3099 fuerit,
1199 3048 1307 3111 preces

355 3140 479 3191 nostras
489 3125 648 3190 admittet.
672 3129 886 3191 Convenimus
898 3148 992 3212 super
1003 3130 1131 3211 negotio
1142 3126 1306 3190 dominum

357 3231 598 3308 Cicestrensem‚
620 3228 821 3313 explorantes
847 3228 986 3292 animum
1014 3230 1084 3315 ejus
1109 3250 1206 3314 quem
1233 3251 1307 3314 pro·

354 3330 507 3396 ouldubio
528 3331 561 3393 in
583 3330 643 3394 hac
669 3353 702 3393 re
730 3331 840 3394 timere
863 3352 926 3393 non
953 3344 1092 3417 oportet,
1113 3331 1190 3415 quia
1215 3331 1307 3394 nobis

349 3431 561 3520 jurejurando
589 3432 737 3508 firmavit,
765 3431 853 3517 quod
882 3430 952 3497 licet
982 3432 1041 3494 sibi
1069 3432 1129 3518 ipsi
1159 3455 1305 3517 magnam

353 3535 535 3621 irrogaretis
550 3534 710 3621 injuriam,
726 3534 845 3598 nnllam
869 3534 928 3597 sibi
944 3533 1039 3598 vellet
1054 3535 1122 3598 fieri
1139 3534 1304 3607 ultionem,

354 3637 415 3701 nisi
429 3637 508 3699 adeo
522 3639 659 3700 enormis
671 3651 761 3713 esset,
774 3636 862 3722 quod
878 3636 966 3700 salvo
982 3636 1100 3700 honore
1111 3636 1306 3701 dissimulari

355 3760 418 3801 non
447 3751 561 3822 posset.
608 3740 709 3803 Novit
738 3740 821 3802 enim
853 3739 1062 3803 innocentiam
1095 3755 1243 3817 vestram,
1273 3751 1306 3802 et

354 3860 451 3925 quem
481 3838 513 3900 in
544 3861 577 3902 se
608 3839 748 3904 babeatis
774 3840 935 3905 affectum.
983 3840 1139 3927 Praecepit
1165 3865 1242 3927 ergo
1270 3853 1306 3905 ut

355 3940 444 4004 vobis
455 3939 621 4004 scriberem
634 3941 692 4005 sibi
705 3965 767 4005 non
779 3942 957 4026 displicere,
970 3942 995 4004 si
1008 3944 1192 4006 mandatum
1205 3943 1306 4008 domi·

353 4044 386 4107 ni
402 4066 493 4130 papae
507 4042 547 4106 ad
565 4066 704 4126 unguem
721 4041 927 4128 exequimini.
975 4043 1039 4105 Scit
1051 4043 1145 4106 etiam
1161 4044 1238 4127 quia
1253 4066 1306 4107 ne-

354 4168 439 4209 cesse
454 4157 501 4208 est
518 4143 606 4207 vobis
621 4157 656 4208 ut
673 4144 754 4208 illud
770 4142 940 4229 impleatis.
986 4142 1099 4205 Vestro
1113 4162 1245 4227 quoque
1261 4145 1304 4205 A.

352 4246 442 4312 dedit
458 4246 490 4310 in
501 4246 658 4311 mandatis
670 4261 706 4312 ut
720 4246 809 4309 vobis
821 4243 918 4321 dicat,
931 4257 1089 4332 quatenus
1106 4246 1223 4330 scripto
1235 4267 1304 4308 meo

352 4349 498 4414 credatis.
547 4348 641 4414 Scitis
656 4350 738 4413 forte
754 4370 854 4433 quare
870 4348 973 4432 ipsum
991 4346 1050 4408 hoc
1066 4346 1148 4408 idem
1171 4347 1305 4409 scribere

353 4472 415 4513 non
442 4449 593 4513 decuerit.
640 4450 713 4511 Hoc
743 4447 874 4534 quidem
902 4447 971 4510 vult
998 4445 1109 4509 baberi
1139 4460 1305 4510 secretum.

354 4552 393 4613 In
404 4552 485 4615 festo
498 4552 534 4613 M
537 4549 710 4635 agdalenoe,
721 4550 760 4612 de
773 4550 972 4634 pertiuentiis
983 4548 1121 4611 ecclesiae
1131 4547 1170 4611 de
1181 4548 1304 4624 Celcra,

243 4679 255 4701 ·
353 4676 426 4740 quae
437 4652 477 4716 ad
489 4653 543 4737 jus
554 4666 696 4717 vestrum
712 4652 861 4735 pertinet,
874 4664 947 4713 ante
958 4647 1122 4711 dominum
1137 4650 1304 4735 archiepis

352 4776 466 4839 copum
484 4753 671 4836 litigabitur.
718 4750 859 4813 Consulo
882 4763 918 4812 ut
938 4749 1007 4834 ipsa
1030 4749 1082 4812 die
1105 4750 1221 4836 aliquis
1238 4774 1303 4814 ves·

343 4871 474 4920 trorum
489 4854 584 4935 adsit,
599 4854 702 4919 saltim
719 4875 830 4917 cursor
849 4875 921 4916 cum
945 4852 1104 4938 rescriptis
1124 4857 1301 4917 munimen-
