3300 6434
339 1246 383 1303 Μ
600 1255 737 1300 Jonnnrs
750 1254 1032 1300 saansaamansrs
1198 1230 1247 1314 [s.
1266 1252 1299 1296 u.

344 1405 485 1473 Ricardo
501 1406 695 1471 Londinensi
717 1406 884 1493 episcopis,
906 1404 1096 1491 saepedictus
1113 1403 1299 1468 Willelmus

346 1509 467 1595 absque
492 1508 587 1574 ullius
611 1509 805 1595 gravaminis
829 1508 1030 1593 allegatione,
1057 1507 1165 1582 tertio,
1190 1518 1301 1569 contra

342 1609 426 1696 juris
440 1612 572 1676 formam
596 1627 633 1677 ut
647 1610 738 1675 nobis
754 1612 856 1675 risum
872 1624 931 1691 est,
946 1609 988 1673 ad
1008 1607 1182 1672 consistorii
1200 1605 1297 1671 vestri

348 1713 565 1778 excellentiam
594 1712 777 1799 appellavit,
800 1706 970 1776 terminum
992 1708 1197 1797 appellationi
1220 1729 1302 1795 proe-

350 1816 450 1901 figens
465 1815 662 1880 Dominicam
679 1837 744 1900 qua
759 1813 950 1889 cantabitur,
967 1815 1093 1877 Laetare
1107 1814 1300 1875 Jerusalem.

351 1918 515 1983 Robertus
536 1940 610 1982 sero
629 1918 796 1983 terminum
820 1914 1003 1994 coarctavit,
1024 1913 1107 1977 diem
1132 1911 1300 1999 praeligens

352 2021 577 2107 Epiphaniam.

521 2312 743 2378 EPISTOLA
766 2315 968 2398 XXll.-so
984 2330 1137 2375 svnoau.

696 2449 843 2512 Adriano
859 2450 966 2529 Papa.

401 2584 699 2656 Conraovsasrnu,
710 2603 783 2666 qua
798 2580 881 2644 inter
897 2580 1071 2645 Robertum
1089 2580 1260 2667 quendam,
1275 2594 1307 2645 et

358 2681 531 2749 Ricardum
557 2681 596 2745 de
624 2680 745 2766 Ambly
770 2681 964 2757 vertebatur,
990 2704 1086 2767 super
1115 2682 1244 2746 ecclesia
1267 2682 1307 2747 de

358 2783 601 2869 wacheringiis,
638 2784 787 2847 serenitas
824 2798 930 2846 vestra
967 2784 1058 2847 nobis
1100 2784 1307 2848 decidendam

360 2883 527 2968 delegavit.
587 2883 738 2947 Partibus
771 2884 881 2969 itaque
910 2906 927 2946 e
957 2882 1084 2965 regione
1116 2884 1308 2961 constitutis,

362 3007 461 3070 quum
476 2983 649 3049 assiderent
673 2984 764 3048 nobis
780 2985 975 3049 venerabiles
991 2985 1106 3049 iratres
1128 2986 1237 3062 nostri,
1253 2987 1310 3052 Ri-

360 3085 476 3153 cardus
492 3085 723 3150 Londoniensis
733 3100 765 3151 et
779 3084 923 3149 Hilarius
939 3085 1143 3151 Cicestrensis
1158 3088 1309 3174 episcopi,

362 3186 525 3250 Robertus
540 3201 744 3251 memoratam
759 3186 919 3251 ecclesiam
937 3188 1076 3273 petebat,
1088 3212 1184 3275 quam
1200 3190 1259 3256 sibi
1275 3194 1308 3257 in

361 3288 450 3352 curia
465 3287 677 3353 londoniensi
697 3287 911 3380 adjudicatam
935 3290 1104 3355 asserebat.
1150 3293 1180 3355 Ε
1200 3309 1311 3358 contra

361 3388 520 3453 Ricardus
537 3389 676 3475 quadarn
700 3389 871 3454 collusione
894 3390 1047 3454 adversus
1070 3392 1246 3458 Monachos
1272 3396 1312 3459 de

356 3487 575 3557 ‘Pritelewella
605 3489 763 3556 dictatum
793 3513 860 3554 esse
892 3490 1050 3575 judicium
1082 3490 1251 3577 allegabat,
1281 3519 1315 3560 se

364 3612 439 3655 vero
459 3594 598 3658 ecclesiae
614 3616 822 3678 possessorem
846 3616 1009 3680 nunquam
1031 3594 1175 3669 citatum,
1191 3594 1308 3659 nullam

364 3693 447 3753 inter
471 3715 503 3753 se
528 3706 559 3755 et
585 3696 761 3760 Robertum
785 3697 881 3759 latam
904 3697 1001 3760 fuisse
1028 3697 1214 3761 sententiam
1237 3721 1311 3761 con·

367 3800 486 3851 stanter
506 3811 695 3872 asseverans,
717 3798 804 3880 quod
827 3798 948 3881 etipse
975 3796 1208 3863 Londoniensis
1231 3800 1315 3887 epis-

368 3910 468 3974 copus
482 3889 585 3976 palam
603 3891 693 3956 nobis
708 3896 855 3958 omnibus
875 3898 1035 3959 consessus
1050 3914 1106 3963 est.
1152 3906 1315 3968 Robertus

367 3990 475 4076 itaque
497 3989 537 4054 ad
558 3991 626 4054 haec
648 3992 727 4056 nihil
750 3994 954 4083 respondeus,
969 3996 1162 4062 audientiam
1178 4019 1315 4068 vestram

369 4090 553 4184 appellavit,
567 4092 650 4157 diem
666 4093 863 4159 constituens
877 4106 1003 4159 octavas
1020 4096 1101 4160 beati
1120 4099 1268 4172 Andreae.

413 4376 634 4442 EPISTOLA
659 4379 876 4442 XXIll.-no
892 4400 1074 4444 ncrnaumu
1089 4400 1277 4447 ariscorun

714 4499 972 4546 vnaonnsrsuu.

602 4615 732 4695 Alsreclo
755 4615 897 4696 Wipora.
915 4617 1085 4698 Episcopo.

419 4746 529 4811 SUPER
556 4747 725 4833 prudentia
751 4761 855 4811 vestra
885 4748 960 4810 satis
989 4748 1137 4813 admirari
1163 4773 1224 4814 non
1249 4774 1322 4835 pos-

375 4867 494 4922 sumus,
521 4870 603 4938 quae,
627 4861 744 4926 nostro,
769 4861 800 4910 et
825 4848 959 4911 fratrum
984 4868 1161 4916 nostrorum
1192 4853 1322 4920 consilio
