3300 6434
364 1208 474 1282 lieu]
743 1224 921 1267 arrsroum.
1250 1213 1312 1270 239

361 1374 500 1449 mutari3
531 1374 587 1437 ubi
609 1396 680 1437 vero
701 1376 830 1462 Graecis
852 1376 1046 1439 dictionibus
1068 1377 1312 1461 aequipollentes

360 1473 491 1539 Latinas
521 1496 584 1537 non
615 1476 727 1556 reperi,
752 1477 803 1537 val
829 1476 1050 1559 loquutionem
1081 1496 1099 1536 a
1125 1477 1311 1541 Latinorum

359 1577 510 1640 idiomate
523 1576 718 1658 „discrepare
744 1577 896 1660 comperi,
919 1577 968 1640 vel
995 1577 1128 1641 Graecas
1154 1576 1312 1642 dictiones

360 1677 489 1752 detorsi,
506 1679 555 1740 vel
575 1675 615 1739 de
637 1697 734 1740 sensu
750 1678 890 1742 auctoris
913 1678 999 1763 quod
1019 1676 1111 1762 potui
1126 1690 1158 1742 et
1171 1689 1207 1742 nt
1221 1679 1311 1762 potui

360 1779 485 1843 Latinis
500 1778 696 1841 dictionibus
712 1779 886 1861 designavi.
918 1780 1012 1865 Saepe
1027 1792 1144 1856 autem,
1159 1780 1215 1843 ubi
1230 1779 1311 1844 duas

360 1883 487 1945 veltres
508 1880 666 1944 dictiones
689 1882 820 1947 Latium
843 1903 900 1966 pro
921 1904 985 1945 una
1002 1884 1118 1946 Graeca
1136 1882 1241 1965 posui,
1256 1904 1311 1947 eas

360 1981 450 2064 quasi
476 2002 573 2044 unam
597 1981 771 2065 conjunxi:
811 2003 877 2045 non
904 1980 991 2066 quod
1016 2003 1112 2045 unam
1137 1980 1310 2046 dictionem

359 2104 414 2146 eas
437 2104 507 2146 esse
530 2084 654 2162 vellem,
674 2083 731 2147 sed
753 2096 789 2148 ut
810 2084 938 2168 plenior
958 2084 1141 2147 intellectus
1163 2083 1263 2158 fieret,
1278 2096 1311 2146 et

358 2197 510 2267 quantum
541 2186 710 2265 elegantiae
741 2207 783 2249 ex
812 2185 925 2269 inopia
957 2186 1081 2248 Latinae
1110 2185 1309 2268 loquutionis

357 2296 508 2349 tractatus
517 2287 577 2349 iste
588 2285 747 2371 perderet,
760 2298 937 2370 appareret.
968 2286 1101 2350 Confert
1111 2298 1216 2350 autem
1228 2286 1309 2351 liber

355 2388 415 2450 iste
439 2388 611 2471 plurimum
635 2387 676 2451 ad
698 2385 940 2469 intelligentiam
964 2388 1106 2451 omnium
1128 2387 1306 2451 divinarum

356 2490 592 2573 scripturarum,
616 2491 650 2552 in
677 2491 794 2573 quihus
820 2488 860 2553 de
885 2490 978 2553 sactis
1001 2501 1057 2552 aut
1083 2487 1179 2552 dictis
1205 2490 1308 2569 agitur

355 2591 549 2670 angelorum.
595 2589 680 2654 Nam
704 2591 804 2653 tribus
831 2591 1019 2654 hierarchiis
1046 2611 1158 2653 omnes
1181 2588 1307 2654 divinos

355 2689 482 2774 spiritus
509 2690 771 2775 comprehendit:
807 2692 952 2774 singulas
982 2703 1087 2755 autem
1112 2691 1306 2755 hierarchias

354 2793 386 2854 in
418 2802 481 2855 tres
510 2793 638 2857 ordines
668 2793 841 2869 distribuit,
866 2806 899 2856 et
924 2792 964 2856 de
995 2793 1129 2875 singulis
1154 2793 1304 2856 altissime

354 2892 491 2957 disserit.
521 2895 617 2958 Ponit
626 2910 732 2959 autem
743 2892 898 2979 quasdam
915 2894 954 2958 de
970 2896 1094 2976 angelis
1104 2891 1307 2977 questiones,

353 3004 386 3057 et
400 2994 572 3058 earundem
587 2997 720 3078 apponit
735 2995 917 3059 solutiones.
947 2997 987 3058 ln
1003 2997 1067 3058 fine
1079 3015 1151 3058 vero
1166 2997 1305 3060 rationes

353 3095 489 3178 exponit
504 3095 673 3178 figurarum
690 3098 722 3159 in
740 3093 847 3160 Sacris
871 3096 1045 3179 Scripturis
1061 3094 1302 3179 adscriptarum.

352 3195 426 3258 Erit
449 3210 554 3260 autem
581 3208 692 3261 vestrm
723 3197 925 3261 discretionis
954 3199 1038 3262 hanc
1070 3216 1172 3259 meam
1203 3207 1301 3259 trans-

352 3297 502 3362 lationem
518 3323 591 3364 cum
608 3302 812 3364 translatione
836 3301 972 3364 Joannis
994 3300 1085 3365 Scoti
1107 3319 1302 3382 comparare.

352 3398 449 3470 Quod
465 3400 491 3463 si
506 3400 588 3465 forte
604 3400 802 3465 commodius
817 3399 873 3462 illo
889 3402 976 3462 visus
991 3400 1078 3462 suero
1092 3397 1302 3471 transtulisse,

349 3510 384 3561 ut
397 3500 514 3564 librum
537 3523 666 3586 quoque
682 3502 722 3565 de
737 3500 970 3563 Ecclesiastica
985 3498 1176 3562 Hierarchia
1197 3507 1300 3560 trans·

349 3602 446 3662 seram
462 3602 581 3682 poteris
596 3602 771 3683 impetrare.

422 3844 645 3909 EPISTOLA
668 3846 824 3910 CL.-nn
838 3862 997 3908 sonarem
1013 3863 1038 3907 s.
1055 3860 1223 3908 nonnum.

710 3947 754 4028 [n.
772 3968 802 4011 o.
821 3946 931 4027 lieu]

608 4089 728 4153 Abbati
741 4091 850 4154 sancti
864 4089 1047 4152 Edmundi.

391 4219 505 4281 Sumen
522 4229 607 4282 statu
622 4231 737 4291 vestro,
753 4238 851 4300 quem
875 4215 965 4279 Deus
988 4234 1177 4299 prosperum
1192 4213 1299 4289 faciat,

347 4340 412 4382 non
428 4319 592 4384 sollicitari
607 4340 672 4381 non
694 4317 809 4395 debeo,
824 4337 889 4398 prae
912 4328 1018 4379 mente
1035 4315 1155 4399 jugiter
1176 4313 1299 4378 habens

347 4420 460 4483 merita
488 4420 680 4484 sinceritatis
705 4431 828 4481 vestrae.
879 4419 914 4483 Si
943 4417 1072 4502 quidem
1098 4437 1159 4479 nec
1185 4416 1300 4480 caritas

345 4522 480 4586 elabitur
508 4543 565 4605 per
595 4520 760 4598 incuriam,
789 4539 850 4581 nec
881 4519 991 4582 fraude
1031 4517 1207 4601 surripitur,
1236 4538 1298 4581 nec

344 4624 505 4688 excutitur
528 4622 692 4696 violenter,
715 4640 752 4682 eo
775 4618 863 4703 quod
886 4619 918 4681 in
941 4617 1103 4682 mentibus
1124 4619 1296 4681 electorum

343 4725 477 4790 solidius
492 4747 511 4787 a
523 4723 650 4788 Christo
664 4734 696 4785 et
711 4721 743 4784 in
757 4719 884 4785 Christo
896 4720 1056 4784 fundatur.
1095 4720 1296 4803 Obsequium

343 4847 450 4891 meum
461 4825 552 4889 vobis
562 4822 719 4887 subtrabit
729 4821 851 4885 malitia
861 4822 1022 4904 temporis,
1035 4819 1091 4885 sed
1102 4821 1294 4885 voluntatem
