3300 6434
411 1241 473 1299 986
669 1253 806 1296 Joauurs
821 1250 1100 1296 sanssnaureusrs
1276 1234 1329 1307 [s.
1348 1249 1380 1293 u.

412 1542 630 1609 llPlSTOLA
676 1546 964 1608 CLXXVIl.-au
999 1559 1270 1605 russeumsruu
1311 1558 1377 1602 as·

678 1665 830 1709 nursam.
878 1645 1086 1725 [carrea]

688 1803 910 1866 Thesaurnrio
927 1801 1087 1866 stetinensi.

454 1941 589 2001 Vssrno
611 1938 749 2010 mallem,
773 1938 799 1999 si
823 1958 896 1999 curn
920 1937 1085 2019 utriusque
1109 1946 1255 1998 nostrum
1279 1958 1371 1999 com·

410 2040 562 2103 moditate
579 2039 647 2101 fieri
663 2049 782 2121 posset,
804 2036 984 2099 desiderato
1000 2037 1057 2098 srui
1075 2036 1249 2119 colloquio,
1267 2058 1367 2120 quam

410 2162 448 2203 ea
467 2160 539 2222 quae
559 2149 592 2199 et
612 2159 662 2199 me
684 2136 804 2198 dixisse
822 2135 947 2218 justum
968 2146 1027 2208 est,
1043 2145 1076 2197 et
1096 2156 1152 2198 vos
1172 2134 1368 2215 diligentius

410 2239 519 2302 audire
556 2235 699 2319 expedit,
740 2236 892 2297 chartulae
935 2233 1172 2308 commendare,
1209 2255 1283 2316 quae
1331 2234 1366 2296 id

410 2340 514 2403 solum
537 2337 696 2421 eloquitur
719 2334 803 2418 quod
827 2334 874 2397 illi
897 2334 1052 2397 creditum
1076 2345 1140 2396 est:
1174 2354 1236 2397 uec
1259 2334 1304 2397 ad
1327 2357 1365 2398 ea

408 2461 481 2525 qrrae
503 2440 588 2502 inter
609 2437 729 2501 amicos
755 2435 874 2498 utiliter
896 2434 1075 2497 adinvicem
1098 2447 1362 2518 proponerentur,

409 2539 576 2604 commode
593 2538 751 2601 dilatatur.
790 2536 950 2600 Caeterum
966 2535 1028 2598 hoc
1045 2533 1238 2599 desiderium
1253 2558 1359 2600 meum

409 2651 476 2703 tum
502 2638 726 2720 multiplicium
757 2645 789 2699 et
818 2637 1050 2698 inevitabilium
1081 2636 1281 2717 negotiorum
1312 2639 1360 2699 in·

408 2740 534 2815 stantia,
548 2748 615 2800 tum
636 2738 834 2819 aliquantula
853 2739 994 2819 corporis
1009 2738 1070 2799 mei
1091 2737 1260 2802 iufirmitas
1282 2759 1360 2821 prae·

408 2839 551 2923 pediunt,
578 2848 613 2899 ut
635 2837 732 2899 scribi
755 2856 888 2899 necesse
910 2838 951 2899 sit
973 2836 1060 2921 quod
1082 2837 1146 2900 dici
1174 2839 1281 2919 potius
1305 2860 1361 2902 ex·

407 2937 541 3022 pediret.
600 2936 786 2999 Meminerit
822 2936 931 3018 itaque
970 2936 1129 2998 Dominus
1165 2949 1198 2999 et
1235 2937 1361 3001 amicus

406 3056 507 3115 metis,
541 3034 702 3120 quoniam,
732 3048 767 3099 ut
800 3036 845 3099 ait
880 3049 994 3111 orator,
1024 3036 1140 3101 Primo
1172 3037 1277 3119 decipi
1308 3040 1360 3101 in·

403 3139 595 3203 commodum
611 3145 667 3212 est,
683 3138 821 3200 secundo
835 3137 984 3214 stultam,
1000 3140 1093 3201 tertio
1108 3145 1210 3220 turpe.
1251 3141 1361 3203 Doleo

404 3240 533 3323 qrridem
556 3239 729 3319 contigisse
752 3239 841 3321 quod
868 3237 909 3302 ad
936 3240 1121 3302 memoriam
1147 3252 1284 3304 vestram
1309 3262 1360 3304 re·

404 3338 521 3405 du'cere
544 3361 676 3403 necesse
699 3351 765 3416 est;
793 3340 869 3422 quia
892 3363 948 3403 vos
970 3343 1068 3403 semel
1092 3341 1199 3425 decipi
1222 3344 1363 3424 contigit

403 3443 436 3504 in
452 3440 666 3504 matricularia
680 3439 721 3502 ad
736 3440 987 3514 incommodum,
1004 3440 1146 3503 secundo
1161 3438 1194 3504 in
1210 3439 1361 3506 cessione

402 3539 584 3624 praebendae
614 3539 812 3614 Parisieusis,
842 3539 883 3601 ad
912 3559 1057 3612 errorem,
1080 3561 1142 3603 nec
1169 3540 1209 3603 de
1238 3550 1361 3605 caetero

404 3642 491 3704 omui
514 3642 638 3722 spiritui
660 3640 886 3722 adquiescatis,
902 3652 936 3703 ut
958 3641 989 3701 in
1013 3641 1272 3704 subthesauraria
1291 3641 1361 3705 dis·

403 3742 551 3824 ponenda
566 3741 697 3821 turpiter
712 3740 926 3823 decipiamini.
976 3743 1037 3804 Est
1052 3752 1156 3804 autem
1174 3743 1221 3804 vir
1234 3745 1359 3826 probus

404 3839 591 3900 Laurentius
618 3843 855 3904 concanonicus
878 3855 990 3920 vester,
1020 3844 1073 3905 cui
1102 3864 1172 3906 eam
1203 3842 1360 3907 dominus

403 3938 662 4020 archiepiscopus
678 3938 753 4001 dare
770 3941 938 4024 disposuit,
953 3954 986 4005 et
1000 3943 1129 4026 majore,
1146 3945 1172 4006 si
1188 3957 1359 4008 vocaretur

402 4061 420 4102 a
450 4037 600 4115 Domino,
630 4049 662 4099 et
694 4038 768 4099 vitio
796 4041 979 4104 ambitionis
1009 4056 1204 4125 purgaretur,
1235 4042 1359 4123 dignus

402 4142 531 4202 honore.
592 4139 657 4202 Sed
685 4140 832 4223 nunquid
865 4143 954 4206 robis
984 4145 1149 4221 conducit,
1178 4156 1209 4207 et
1238 4145 1358 4209 honori

402 4257 516 4319 vestro,
535 4256 571 4306 ut
593 4243 711 4305 domini
734 4240 828 4307 vestri
852 4247 1064 4309 collateralem
1089 4249 1214 4330 eligatis
1237 4249 1271 4311 in
1293 4252 1375 4317 mi·.

400 4344 563 4407 nisterium
577 4355 725 4417 vestrum,
735 4345 833 4405 immo
846 4346 963 4408 intnrdi
975 4349 1150 4430 patiamini,
1163 4360 1274 4412 utnon
1287 4360 1356 4414 tarn

401 4445 492 4506 vohis
505 4464 599 4524 quam
616 4444 703 4504 alteri
721 4444 837 4506 debeat
850 4445 938 4526 quod
950 4446 1159 4509 ministrabit?
1185 4450 1356 4531 Numquid

400 4545 440 4607 de
469 4542 663 4605 thesaurario
690 4542 963 4605 subthesaurarius
991 4566 1061 4606 esse
1087 4545 1210 4608 vultis?
1242 4568 1355 4610 nonne

399 4646 497 4709 satius
527 4655 575 4706 est
598 4664 652 4705 ros
675 4643 857 4704 officialium
882 4658 1052 4705 vestrorum
1076 4666 1146 4708 esse
1170 4648 1355 4726 custodem,

400 4766 495 4827 qnam
526 4745 616 4806 vohis
646 4755 677 4805 et
707 4744 769 4805 illis
797 4763 870 4805 cum
895 4744 1155 4808 incommoditate
1179 4747 1352 4811 custodem

399 4844 496 4906 alium
512 4843 681 4925 deputari?
707 4840 773 4906 Vos
789 4844 968 4907 decaetero
985 4846 1088 4908 ridete
1111 4847 1188 4928 quid
1207 4848 1355 4928 egeritis,
