3300 6434
292 1148 489 1229 llas-64]
700 1165 878 1215 srtsronrs.
1189 1150 1250 1218 199

285 1322 320 1385 in
342 1321 613 1386 consummatione
635 1319 828 1386 matrimonii
851 1342 912 1384 non
935 1324 1085 1406 agnovit:
1117 1335 1241 1408 patrem

285 1446 429 1510 quoque,
456 1422 535 1486 dum
561 1434 669 1506 ageret
694 1423 727 1487 in
750 1424 914 1500 extremis,
938 1423 1020 1490 sicut
1046 1423 1244 1492 Gillebertus

288 1522 476 1590 venerabilis
489 1522 589 1587 abbas
604 1520 806 1589 colecestriae
821 1522 936 1589 litteris
951 1525 1027 1601 suis,
1040 1548 1101 1589 non
1113 1527 1245 1611 signatis

288 1638 406 1705 tamen,
421 1623 477 1689 sed
493 1622 628 1687 testibus
647 1623 791 1701 munitis,
805 1637 837 1689 et
853 1624 907 1688 alii
923 1624 1062 1712 religiosi
1080 1625 1136 1712 qui
1150 1625 1244 1691 adfu-

287 1743 388 1807 erant,
403 1723 614 1803 testabantur,
629 1724 732 1811 palam
754 1726 939 1812 poenituisse
959 1726 1139 1806 dicebatur,
1155 1728 1243 1814 quod

286 1829 512 1894 fraudulentias
527 1827 676 1915 jamdicti
691 1826 904 1894 archidiaconi
920 1830 951 1892 in
968 1830 1123 1917 eJicienda
1143 1854 1242 1896 uxore

286 1931 503 2019 adquieverat.
560 1928 622 1996 Sed
653 1929 809 2016 quicquid
840 1932 923 1995 inter
958 1945 1105 2018 parentes
1132 1945 1240 1997 actum

286 2033 395 2110 luerit,
418 2033 478 2098 sibi
505 2044 562 2097 aut
584 2030 692 2096 liberis
713 2051 777 2094 non
800 2031 917 2096 debere
938 2031 1047 2096 obesse
1069 2033 1240 2110 asserebat,

286 2163 324 2202 eo
354 2137 443 2224 quod
468 2135 709 2202 archidiaconus
737 2148 794 2201 aut
817 2134 985 2222 episcopus
1012 2136 1242 2203 Wintoniensis

287 2238 366 2305 nihil
392 2252 502 2304 contra
523 2238 638 2303 liberos
663 2238 934 2322 pronuntiassent,
955 2237 1010 2303 sed
1035 2238 1095 2302 hoc
1117 2238 1242 2324 quoties

283 2341 552 2406 conveniebantur
581 2339 806 2423 expresserint,
833 2339 915 2404 sicut
946 2339 1055 2426 plures
1086 2341 1242 2405 testaban-

287 2460 351 2522 tur,
366 2466 398 2506 se
418 2441 495 2506 nihil
521 2443 741 2526 pronuntiasse
756 2440 909 2506 adversus
934 2440 1048 2505 liberos
1068 2441 1155 2506 illius
1174 2464 1241 2507 ma·

288 2543 439 2622 trimonii,
453 2543 540 2629 quod
562 2557 665 2607 tamen
687 2542 846 2607 infirmare
864 2543 1085 2609 moliebantur.
1134 2544 1241 2621 Unde,

289 2658 327 2711 ut
335 2646 506 2722 asserebat,
515 2659 545 2709 et
560 2644 692 2709 illustris
704 2645 900 2710 Blesensium
911 2669 1016 2710 comes
1024 2646 1188 2712 Theobald
1194 2670 1241 2723 us,

287 2749 434 2834 princeps
449 2745 578 2834 quidem
597 2747 736 2834 justitiae
751 2761 885 2825 amator,
901 2762 933 2813 et
944 2747 1028 2834 juris
1043 2749 1241 2815 Cismontani

286 2849 505 2935 peritissimus,
534 2848 573 2912 ad
598 2871 694 2934 quem
719 2852 786 2935 ipse
811 2849 1043 2915 Wintoniensis
1068 2851 1240 2915 liberorum

285 2973 413 3014 cauam
429 2950 656 3030 transmiserat,
670 2951 808 3037 eoquod
826 2952 867 3017 ad
887 2951 990 3039 ipsum
1013 2976 1061 3018 res
1079 2952 1148 3040 ipsa
1164 2955 1241 3040 jure

286 3052 370 3115 leodi
384 3052 577 3137 pertinebat,
587 3051 694 3116 accitis
704 3051 882 3139 potioribus
894 3054 1049 3140 episcopis
1062 3054 1188 3132 Galliae,
1197 3079 1238 3120 ex

285 3153 415 3217 consilio
430 3174 537 3218 eorum
559 3151 759 3240 aliorumque
777 3154 971 3240 sapientum,
986 3178 1081 3220 causa
1100 3157 1240 3242 cognita,

285 3270 376 3340 patre
390 3255 553 3331 defuncto,
569 3278 623 3320 eos
639 3254 796 3340 legitimos
815 3257 945 3341 agnovit
961 3257 1115 3333 haeredes,
1130 3256 1240 3343 eisque

283 3357 394 3424 obesse
409 3380 471 3421 nou
483 3357 599 3423 debere
610 3357 909 3443 censuit‚quicquid
925 3358 956 3422 iu
969 3358 1115 3423 fraudem
1127 3379 1238 3422 corum

284 3458 380 3525 dolus
401 3459 517 3524 artifex
538 3459 732 3546 procuravit.
778 3460 817 3522 In
840 3459 890 3522 his
911 3473 1017 3523 sutem
1038 3458 1189 3524 omnibus
1205 3483 1237 3524 se

284 3559 409 3626 dicebat
431 3563 523 3646 copia
545 3559 673 3625 testium
697 3557 873 3633 abundare,
895 3581 1013 3646 eosque
1034 3559 1065 3623 in
1093 3561 1238 3646 plurimis

288 3660 487 3748 producebat
524 3658 677 3736 articulis,
711 3659 765 3724 sed
803 3659 974 3737 Ricardus,
1010 3660 1158 3728 insistens
1193 3665 1240 3731 rei

278 3758 444 3847 judicata,
468 3761 510 3826 ab
535 3760 670 3825 articulo
694 3761 751 3825 illo
780 3761 872 3826 avelli
901 3783 965 3827 non
995 3777 1132 3850 poterat,
1159 3766 1237 3853 quin

285 3876 429 3949 oporteat
458 3877 565 3929 tenere
591 3866 788 3942 sententiam,
812 3888 886 3950 quae
912 3887 974 3929 non
1002 3866 1097 3930 modo
1123 3866 1237 3954 elapsis

283 3966 391 4030 decem
414 3965 522 4053 legum
547 3966 672 4043 diebus,
696 3966 750 4031 sed
778 3980 846 4031 toto
872 3967 1016 4032 vicennio
1037 3967 1121 4053 juris
1146 3968 1237 4033 nullo

283 4068 422 4133 remedio
445 4081 636 4155 attemptata
661 4083 719 4133 est.
764 4068 965 4134 Producebat
987 4080 1018 4132 et
1042 4081 1139 4133 testes
1165 4070 1236 4154 qui·

282 4169 343 4234 bus
358 4170 704 4244 nitebaturostendere,
718 4193 750 4234 se
766 4170 807 4235 ab
821 4170 982 4234 avunculo
997 4191 1055 4233 suo
1071 4170 1235 4236 Willelmo

282 4269 466 4336 institutum
489 4271 659 4349 hasredem,
681 4283 713 4334 et
733 4271 811 4334 alios
830 4285 982 4356 tanquam
1006 4272 1128 4356 spurios
1147 4272 1238 4337 abdi·

281 4386 379 4436 catos.
429 4371 490 4435 Sed
506 4395 564 4437 nec
579 4370 780 4457 privilegium
796 4373 906 4438 obesse
927 4395 1131 4459 personarum
1153 4373 1238 4439 dice·

283 4474 351 4550 bat,
379 4496 481 4559 quum
507 4473 627 4537 factum
653 4472 818 4560 proprium
850 4473 930 4538 nulli
961 4473 1054 4539 liceat
1080 4475 1236 4562 ignorare.

285 4575 377 4640 Licet
403 4574 484 4638 enim
515 4573 692 4638 Willelmus
721 4586 812 4661 pater
840 4573 985 4640 Mabiliae
1015 4574 1103 4640 miles
1128 4577 1237 4653 luerit,

283 4688 387 4741 tamen
401 4677 546 4762 ignorare
559 4699 620 4740 non
628 4677 741 4742 debuit
750 4677 829 4764 quid
842 4677 1050 4763 egeritquum
1063 4678 1236 4745 Albredam

281 4782 432 4864 receperit
463 4780 496 4843 in
527 4802 671 4858 uxorem,
702 4800 762 4843 non
794 4802 849 4865 spe
877 4779 1006 4865 quidem
1036 4780 1151 4857 futuri,
1179 4783 1234 4847 sed

328 4901 401 4946 vot.
417 4902 439 4946 1.
761 4901 782 4946 ι
