3300 6434
325 1142 515 1223 1159-64,]
722 1158 899 1203 srrsrotrr.
1207 1142 1269 1202 128

364 1387 588 1453 EPISTOLA
611 1384 1233 1453 Lxxxv111.-sns1ms1uncrcrs
1257 1462 1264 1471 ¹

613 1502 772 1552 rususuu
789 1502 987 1549 serstorum.

364 1619 636 1681 Mauousnrrun
663 1637 809 1680 excessus
837 1615 858 1678 ii
885 1615 1084 1702 potissimum
1114 1615 1276 1681 sufficiunt

324 1738 478 1795 coercere,
506 1716 626 1801 quibus
654 1719 767 1781 merite
799 1719 940 1801 partium
972 1715 1158 1782 familiarius
1186 1719 1277 1782 inno-

325 1829 463 1894 resonat,
478 1830 511 1883 et
525 1818 582 1904 qui
598 1818 776 1904 corrigendi
797 1831 986 1904 potestatem
1002 1842 1022 1882 a
1038 1823 1177 1886 Domino
1191 1843 1279 1885 acce·

325 1934 453 2005 perurit.
498 1920 594 1985 Unde
614 1933 647 1986 et
663 1943 719 1984 vos
740 1920 1001 1996 controversiam,
1017 1943 1091 2006 quae
1111 1922 1194 1984 inter
1215 1922 1279 1985 Re-

325 2021 491 2106 ginaldum
504 2035 535 2086 et
546 2025 625 2108 Pag.
637 2023 786 2101 vertitur,
794 2020 992 2086 commodius
1003 2021 1167 2099 decidetis,
1177 2045 1278 2107 quum

326 2123 415 2211 apud
441 2147 499 2190 vos
520 2124 637 2189 veritas
659 2123 757 2189 latere
777 2146 840 2187 non
864 2124 977 2208 possit,
998 2136 1031 2188 et
1052 2125 1136 2187 inter
1160 2147 1214 2186 eos
1238 2146 1279 2186 ex

326 2225 507 2292 necessitate
523 2224 618 2292 officii
636 2226 721 2312 juris
736 2224 861 2290 dicendi
884 2224 1028 2288 debitum
1050 2224 1232 2289 discretioni
1247 2237 1280 2290 et

325 2326 399 2392 fidei
424 2342 538 2393 vestrm
558 2328 731 2393 immineat.
777 2326 872 2404 Quod
895 2326 977 2391 enirn
1002 2326 1063 2389 fori
1086 2326 1184 2390 vestri
1207 2349 1281 2390 cou-

327 2430 488 2494 troversiae
509 2428 549 2493 ad
566 2453 623 2494 nos
639 2443 778 2504 manant,
795 2442 871 2493 nota
893 2428 1039 2493 delectus
1060 2441 1118 2494 aut
1133 2427 1282 2492 dissimu-

325 2530 451 2597 lationis
465 2545 523 2611 est,
540 2553 597 2595 nec
612 2545 676 2596 tam
693 2531 893 2595 auctoritatis
912 2546 970 2595 aut
991 2530 1171 2617 prudentiae
1193 2530 1281 2617 quis-

325 2656 421 2718 quam
444 2632 554 2698 credat
579 2656 646 2696 esse
667 2633 848 2697 defectum:
881 2654 981 2719 quum
1008 2644 1182 2718 utrumque
1206 2655 1281 2697 con-

326 2736 437 2801 tulerit
452 2734 512 2801 tibi
529 2735 697 2805 Dominus.
744 2739 828 2803 Date
843 2758 920 2819 ergo
933 2756 1075 2819 operam,
1092 2756 1130 2797 ne
1141 2733 1281 2819 justitiae

326 2835 497 2920 implendae
515 2836 662 2901 voluntas
680 2835 793 2901 merito
815 2834 922 2899 deesse
940 2833 1098 2898 videatur.
1142 2832 1238 2908 Quod
1254 2835 1281 2898 si

328 2936 546 3017 dissimulatis,
576 2960 667 3023 mque
698 2951 804 3001 vestro
832 2934 978 3001 insistitis
1014 2949 1188 3021 nostroque
1217 2935 1280 3000 dis·

328 3039 455 3125 pendio,
469 3062 568 3126 quum
586 3054 617 3105 et
634 3039 725 3103 nobis
741 3039 830 3104 labor
845 3052 1012 3116 accrescat,
1027 3052 1058 3103 et
1075 3038 1176 3115 vobis,
1191 3039 1280 3124 quod

327 3164 390 3206 non
406 3142 547 3228 expedit,
561 3155 723 3228 conceptae
739 3141 867 3206 virtutis
881 3142 990 3228 opinio
1005 3141 1177 3206 minuatur.
1215 3144 1280 3206 Vo-

327 3243 379 3309 bis
393 3245 476 3309 enim
492 3245 657 3322 debemus,
674 3258 712 3310 ut
733 3267 806 3308 eum
829 3244 931 3308 amico
950 3243 1082 3308 liberius
1097 3242 1280 3327 loquamur,

327 3346 415 3433 quod
432 3369 490 3411 nos
509 3347 690 3411 Edwartlus
704 3361 736 3410 et
752 3346 864 3411 Helias
886 3345 1010 3409 diutius
1024 3356 1233 3420 vexaverunt,
1248 3358 1281 3409 et

329 3462 366 3512 ut
392 3449 500 3514 verbis
527 3448 640 3514 vestris
666 3447 756 3510 vobis
779 3445 999 3533 respondeam,
1023 3444 1108 3530 quod
1136 3445 1214 3509 mihi
1240 3446 1283 3510 dc

328 3547 472 3630 praet'atis
493 3545 743 3632 praescripsistis,
758 3546 798 3609 de
820 3549 860 3610 R.
883 3558 914 3609 et
938 3547 974 3610 P.
991 3542 1139 3623 rescribo,
1154 3566 1283 3630 respon·

328 3646 404 3713 deut
419 3646 537 3712 scilieet
560 3646 690 3733 utrique
707 3647 836 3734 justitia
858 3670 925 3711 sua.
970 3645 1064 3724 Quod
1088 3646 1113 3711 si
1135 3646 1227 3711 aliter
1245 3646 1279 3711 in

328 3748 498 3814 manifesto
523 3749 655 3815 crimine
681 3749 904 3816 inobedientiae
927 3749 977 3812 vel
998 3749 1128 3814 alterius
1154 3748 1280 3814 sceleris

327 3850 596 3937 deprehendatur,
618 3875 712 3939 poena
737 3853 904 3918 manifesta
925 3852 1089 3938 puniatur,
1112 3864 1149 3916 ut
1172 3851 1280 3917 caeteri

326 3968 444 4017 metum
468 3953 617 4036 habeant,
640 3969 672 4020 et
695 3956 845 4033 recolant,
869 3977 967 4041 quare
984 3955 1074 4039 vigor
1089 3952 1282 4039 judiciarius

327 4058 368 4121 sit
399 4058 431 4122 in
459 4057 564 4121 medio
593 4057 798 4123 constitutus.
858 4055 958 4122 Novit
988 4056 1083 4119 etiam
1110 4053 1281 4139 prudentia

326 4171 431 4223 vestra
445 4159 592 4243 quaedam
610 4172 701 4223 tanta
715 4180 823 4223 rerum
843 4157 915 4220 luce
930 4157 1112 4231 clarescere,
1129 4166 1165 4218 ut
1181 4157 1281 4220 venti-

329 4256 445 4322 latione
460 4280 521 4323 non
537 4270 663 4343 egeant,
679 4257 731 4321 sed
748 4280 845 4342 poena
861 4257 1031 4322 dumtaxat
1046 4268 1103 4320 ant
1118 4256 1259 4340 praemio.

354 4522 574 4586 EPISTOLA
599 4521 873 4586 LXXXIX-so
888 4541 1119 4587 stemunauu
1136 4542 1254 4588 eursu.

370 4663 603 4723 Assunrronus
616 4655 755 4742 partium
769 4656 854 4720 fideli
867 4657 1020 4722 debemus
1032 4659 1181 4742 prosequi
1191 4660 1278 4725 testi·

327 4758 444 4837 monio,
470 4781 570 4844 quum
599 4781 702 4823 causae
726 4757 906 4823 recedentes
930 4781 948 4821 a
974 4757 1063 4822 nobis
1088 4756 1128 4821 ad
1154 4772 1281 4843 aposto-
