3300 6434
351 1149 460 1234 111111]
733 1164 912 1222 murore.
1235 1159 1298 1222 net

343 1324 476 1402 ratione,
489 1335 526 1388 ut
540 1345 601 1387 uec
617 1312 803 1408 temeritatis
817 1345 890 1387 reus
902 1322 1002 1387 videri
1017 1317 1132 1389 debeat
1147 1326 1299 1392 adversus

344 1435 533 1506 potestatem
548 1443 646 1510 qrrem
659 1425 749 1489 Deus
764 1425 935 1502 ordinavit,
947 1446 1009 1488 nec
1021 1436 1110 1490 metu
1121 1430 1300 1511 potestatis,

341 1541 400 1589 eut
414 1547 522 1591 amore
537 1547 640 1590 rerum
656 1527 918 1591 evanescentium
939 1527 1101 1611 iniquitati
1120 1531 1300 1594 consentiat

345 1626 378 1689 11
394 1626 634 1711 depressionem
657 1628 816 1702 ecclesie,
830 1639 863 1692 et
884 1628 918 1691 iu
940 1629 1117 1712 perniciem
1139 1640 1204 1694 tam
1218 1651 1300 1714 pre·

343 1727 481 1806 sentium
502 1750 597 1811 quam
612 1728 800 1806 futuromm,
815 1750 880 1791 non
903 1729 1001 1793 modo
1024 1728 1166 1793 desertor
1186 1732 1298 1807 officii,

341 1840 377 1891 et
384 1828 592 1912 professionis
601 1828 835 1910 praevaricator,
845 1829 902 1894 sed
913 1830 1223 1915 etiamimpugnetor
1228 1832 1296 1915 jus·

343 1930 423 1994 titiae
438 1930 602 1995 habeatur.
646 1931 711 1995 Sed
735 1932 825 1996 dices
841 1933 986 2012 fortasse,
1000 1933 1088 2016 qnod
1109 1934 1200 2012 mihi,
1214 1935 1300 1998 sicut

343 2032 462 2116 cuique
479 2032 604 2096 facilius
624 2041 673 2096 est
694 2032 793 2107 dictu,
809 2032 956 2097 faciende
970 2034 1188 2118 praescribere,
1203 2055 1299 2118 quam

345 2133 433 2197 lectu
448 2155 519 2218 quae
531 2134 718 2218 prescripta
731 2134 846 2199 suerint
856 2134 1043 2217 adimplere.
1073 2135 1159 2199 Nam
1174 2144 1207 2199 et
1220 2136 1301 2199 liber

344 2235 506 2299 vorandus
520 2235 679 2299 dulcescit
693 2235 726 2298 in
749 2256 804 2299 ore
826 2237 1006 2320 prophetes,
1022 2236 1079 2302 sed
1093 2237 1137 2301 ad
1150 2237 1301 2302 interiora

344 2336 547 2400 transmissus
558 2336 738 2401 amarescit.
769 2338 885 2401 Orator
896 2359 1023 2423 quoque
1038 2339 1072 2401 in
1087 2347 1153 2401 erte
1169 2336 1300 2401 dicendi

344 2436 452 2515 docet,
476 2438 551 2523 quia
575 2438 610 2500 in
635 2449 735 2501 artem
761 2450 923 2520 precepta
947 2440 1084 2516 tradere,
1107 2451 1139 2504 et
1165 2438 1205 2503 de
1232 2449 1299 2502 arte

347 2537 454 2603 dicere
468 2538 652 2601 facillimum
669 2550 727 2614 est,
742 2539 799 2601 sed
815 2559 858 2601 ex
879 2549 945 2602 arte
966 2539 1190 2604 difficillimum
1204 2539 1239 2603 id
1253 2553 1301 2604 est

344 2660 418 2724 quae
434 2634 626 2723 praeceperis
645 2640 813 2704 observare
833 2641 994 2705 mandata
1039 2643 1210 2725 Nusquam
1226 2663 1301 2706 vero

343 2740 518 2819 difficilius,
533 2762 628 2825 quam
652 2741 685 2803 in
708 2753 774 2804 erte
797 2742 937 2805 vivendi.
985 2743 1045 2806 llla
1067 2743 1226 2826 siquidem
1248 2764 1300 2807 ars

344 2843 460 2905 artium
476 2853 537 2914 est,
552 2855 585 2904 et
597 2842 682 2904 sicut
701 2841 852 2917 utilitate,
867 2843 912 2906 sio
928 2854 960 2905 et
972 2842 1164 2906 difficultate
1177 2845 1300 2907 incom·

344 2942 530 3026 partibiliter
544 2941 623 3004 alies
638 2939 836 3005 transcendit
852 2941 1024 3004 universae.
1070 2942 1156 3006 lllnd
1172 2965 1300 3029 quoque

238 3041 243 3049 ’
343 3041 462 3108 comici
470 3039 804 3124 uostriadjicies,quie
812 3041 947 3104 “omnes
956 3062 1054 3126 quum
1062 3043 1204 3105 valemus
1213 3055 1300 3107 recta

343 3143 482 3208 consilia
503 3143 632 3224 aegrotis
654 3142 785 3208 damus:
816 3153 852 3206 tu
874 3156 981 3207 antem
1004 3141 1031 3206 si
1053 3142 1107 3206 hic
1130 3144 1187 3222 sis,
1208 3145 1300 3208 aliter

344 3245 493 3310 sentias.”
531 3245 582 3308 Ad
595 3243 683 3329 quod
697 3266 758 3326 ego
772 3245 948 3328 replicabo,
961 3246 1113 3329 quonium
1124 3246 1202 3309 licet
1213 3246 1297 3308 hanc

341 3371 471 3415 auream
491 3349 757 3425 mediocritatem,
772 3370 870 3432 quam
892 3349 1078 3432 praescribo,
1092 3367 1216 3411 serrare
1231 3368 1297 3410 nou

343 3452 496 3528 noverim,
520 3458 575 3513 aut
599 3470 664 3513 non
691 3468 842 3532 quaeram,
870 3446 1005 3531 lyricum
1032 3460 1139 3511 tamen
1164 3447 1299 3512 licenter

346 3550 508 3627 imitabor,

488 3687 593 3700 —-
605 3657 718 3727 fungens
727 3660 786 3712 rice
795 3659 869 3722 uotis,
882 3664 987 3713 mutum

487 3743 611 3798 Reddere
623 3761 680 3814 qme
691 3743 787 3799 ferrum
798 3743 878 3810 valet,
888 3761 966 3799 exors
977 3745 1034 3817 ipsa
1045 3741 1158 3799 semodi.

349 3849 426 3913 Non
454 3848 603 3934 equidem
633 3850 715 3913 hanc
747 3848 996 3914 sollicitudinem
1027 3870 1113 3931 gero,
1143 3850 1230 3934 quod
1259 3846 1301 3914 de

344 3962 447 4028 tanto,
457 3962 490 4013 et
505 3949 546 4014 de
558 3963 622 4015 tem
634 3952 757 4016 siucero
769 3961 859 4035 petre
872 3950 1045 4028 (Dominus
1056 3951 1129 4029 scit)
1142 3951 1301 4015 sinistram

345 4048 486 4133 aliquem
499 4049 714 4131 suspicionem
725 4048 938 4130 conceperim,
949 4046 1007 4110 sed
1014 4046 1135 4130 quiain
1148 4046 1301 4130 periculis

346 4147 446 4211 amici
460 4148 575 4212 caritas
597 4170 661 4213 uon
684 4148 848 4212 sollicitari
863 4167 929 4210 non
943 4156 1058 4229 potest.
1105 4145 1190 4211 Novi
1213 4148 1300 4213 enim

346 4247 1300 4334 prepotentiumpersequutomminstantiam,etdebilitatem

346 4349 505 4426 ecclesie,
525 4349 603 4413 licet
624 4349 775 4413 dominns
796 4369 881 4432 papa
897 4347 965 4431 jam
989 4349 1161 4431 plurimum
1184 4371 1301 4414 conve·

349 4452 458 4522 lescet,
480 4461 513 4513 et
533 4450 728 4516 confortetur
742 4451 777 4513 in
798 4448 961 4512 Domino:
985 4450 1059 4512 novi
1082 4461 1116 4513 et
1136 4450 1301 4534 pusillani-

349 4549 491 4617 mitatem
507 4550 582 4614 hinc
599 4550 807 4636 quorumdem
822 4550 1059 4633 episcoporum,
1073 4549 1150 4615 iude
1164 4552 1299 4617 eliomm

348 4649 512 4725 invidiam,
527 4663 564 4716 ut
585 4650 668 4715 nihil
690 4648 731 4714 eit
746 4649 832 4735 quod
856 4649 956 4732 magn
971 4670 1079 4713 verear
1097 4671 1193 4735 qnam
1208 4674 1250 4716 ne
1265 4654 1299 4718 in

348 4751 438 4816 111111
453 4750 613 4829 fratribus,
628 4764 661 4815 et
680 4751 714 4814 in
733 4751 786 4815 bis
805 4751 861 4835 qni
877 4749 1066 4814 ridebantur
1081 4752 1203 4835 aliquid
1218 4774 1299 4834 este,

776 4850 833 4912 o2
