3300 6434
350 1280 544 1361 usa-nl]
730 1296 909 1343 barsuma.
1039 1316 1043 1323 ·
1217 1323 1220 1330 ,
1253 1281 1294 1343 57

343 1448 552 1513 ministerium
573 1469 678 1511 meum
693 1447 782 1533 regni
800 1446 1050 1533 gubemacnlum
1066 1446 1240 1533 accepistis,
1259 1462 1295 1514 ut

344 1571 425 1625 earn,
448 1548 473 1613 si
494 1548 609 1635 placet,
631 1549 673 1612 ab
692 1548 820 1612 incursu
845 1570 1014 1634 pravorum
1041 1548 1205 1612 hominum
1228 1563 1295 1614 tue-

345 1650 460 1716 amini:
484 1662 516 1714 et
539 1649 629 1726 milri,
652 1649 708 1735 qui
723 1671 803 1724 eam,
832 1648 905 1712 licet
925 1648 1089 1734 indignus,
1110 1648 1296 1735 disponente

347 1752 496 1829 Domino,
511 1753 665 1815 hactenus
687 1763 723 1815 ut
745 1751 836 1836 potui
851 1764 883 1815 et
906 1750 993 1831 scivi,
1016 1750 1094 1826 rexi,
1110 1749 1205 1815 talem
1229 1764 1296 1816 stu·

344 1852 447 1916 deatis
461 1853 634 1938 subrogare
653 1866 825 1938 pastorem,
841 1855 898 1937 qui
918 1865 1006 1917 tanta
1021 1852 1095 1916 sede
1113 1875 1175 1916 non
1192 1851 1298 1918 videa-

345 1966 400 2019 tur
414 1953 576 2039 indiguus,
592 1954 644 2017 cui
658 1953 770 2040 religio
785 1954 918 2041 placeat,
934 1954 992 2039 qui
1008 1955 1163 2018 virtutum
1176 1955 1298 2020 meritis

345 2054 467 2141 placere
500 2054 648 2120 credatur
681 2056 855 2120 Altissimo.
910 2054 1027 2119 Fidelis
1061 2069 1165 2119 vester
1201 2077 1295 2119 suum

344 2158 436 2223 vobis
451 2156 615 2221 eonsilium
630 2155 744 2221 debet:
772 2179 843 2219 ecce
861 2179 967 2220 coram
990 2156 1129 2220 Domino
1149 2167 1181 2219 et
1195 2157 1298 2219 omni·

346 2256 409 2320 bus
437 2257 554 2321 sanctis
583 2256 661 2341 ejus,
692 2256 856 2319 consilium
887 2257 939 2322 do.
985 2257 1058 2319 Nou
1088 2257 1238 2341 quaeratis
1263 2258 1296 2321 iu

346 2358 406 2420 hac
429 2380 462 2421 re
483 2379 556 2443 quae
571 2368 675 2420 vestra
695 2372 780 2433 sum,
802 2356 855 2420 sed
879 2378 952 2442 quoe
974 2357 1117 2434 Domini,
1140 2350 1216 2443 ciuis
1237 2381 1298 2444 ego

346 2479 406 2543 pro
429 2482 469 2521 eo
490 2456 666 2545 respondeo
689 2456 787 2534 vobis,
811 2458 899 2543 quod
924 2456 951 2521 si
976 2479 1103 2521 causam
1128 2460 1199 2543 ejus
1221 2458 1298 2523 fide-

346 2558 419 2624 liter
448 2559 703 2644 procuraveritis,
725 2571 757 2623 et
785 2561 854 2645 ipse
880 2571 1001 2624 vestras
1027 2558 1148 2623 utiliter
1173 2582 1298 2645 promo-

345 2661 441 2725 vebit.
489 2660 567 2725 Post
591 2659 708 2725 multas
730 2661 922 2738 vexationes,
944 2674 1073 2725 auctore
1097 2661 1246 2744 Domino,
1263 2662 1296 2728 in

346 2762 476 2826 ecclesia
497 2762 718 2826 Cantuariensi
737 2762 979 2825 reformavimus
993 2784 1115 2846 pacem,
1137 2752 1297 2849 religionis

345 2863 563 2948 promovimus
585 2862 719 2939 cultum,
741 2862 873 2926 idoneos
902 2885 942 2926 ex
971 2862 1161 2929 conscientia
1189 2878 1298 2930 nostra

346 2964 494 3029 custodes
511 2963 712 3050 praefecimus
734 2963 851 3045 ordini,
871 2977 903 3027 et
925 2985 965 3026 ne
980 2964 1052 3050 quis
1067 2988 1177 3030 eorum
1192 2969 1299 3053 cujus-

346 3089 443 3153 quam
467 3067 644 3131 temeritate
671 3078 826 3144 mutetur,
848 3080 1020 3153 atttequam
1043 3068 1298 3157 archiepiscopus

346 3170 547 3254 subrogetur,
559 3168 728 3256 prohibeat
741 3169 886 3253 dignatio
902 3183 1017 3252 vestra,
1026 3193 1143 3258 eosque
1152 3172 1298 3238 cohibeat

346 3272 403 3358 qui
419 3272 568 3336 scissuras
589 3285 619 3337 et
635 3295 718 3336 nova
738 3272 900 3336 molimina
915 3274 1094 3340 molientur.
1139 3276 1297 3348 Quoniam

344 3384 377 3436 et
393 3395 449 3437 nos
464 3374 523 3438 hoc
539 3375 599 3439 sub
614 3376 815 3439 anathemate
837 3375 1044 3452 inhibuimus,
1060 3388 1092 3440 et
1107 3398 1160 3439 eos
1175 3399 1299 3441 excom-

346 3474 587 3553 municavimus,
604 3476 661 3564 qui
677 3476 914 3561 dispositionem
927 3476 1047 3539 ordinis
1058 3497 1153 3560 quam
1166 3476 1299 3541 fecimus

346 3574 728 3661 immutarepraesument:
742 3591 896 3661 praeterea
906 3574 1051 3639 alumnos
1061 3588 1196 3652 nostros,
1208 3576 1298 3642 cleri·

346 3699 399 3738 cos
428 3690 459 3739 et
490 3676 598 3754 laicos,
627 3699 708 3761 quos
737 3676 838 3739 nostri
867 3688 900 3740 et
929 3698 1015 3761 saepe
1036 3678 1131 3740 vestri
1153 3678 1299 3765 obsequii

347 3775 507 3840 ministros
522 3789 644 3840 nostros
659 3777 843 3858 habuimus,
858 3790 971 3842 vestrae
985 3778 1213 3844 committimus
1228 3802 1300 3867 pro-

348 3876 487 3951 tectioni,
499 3889 658 3961 rogantes,
667 3891 703 3943 ut
712 3880 838 3963 quoeeis
851 3878 1043 3943 contulimus
1056 3879 1299 3946 misericorditer

348 3977 550 4053 conservetis,
572 4001 629 4042 nec
645 4001 698 4043 eos
719 3978 886 4065 patiamini
905 3979 1041 4067 alicujus
1055 3981 1298 4067 importunitate

347 4081 464 4146 vexari.
511 4079 632 4144 Audiat
647 4080 753 4145 adhuc
769 4081 929 4145 Dominus
940 4080 1300 4147 meusclementissimus

347 4182 480 4246 verbum
494 4205 606 4258 unum,
619 4198 651 4247 et
662 4183 876 4267 egredientem
889 4184 1024 4246 animam
1037 4205 1136 4247 meam
1149 4181 1300 4265 laetificet,

347 4284 510 4349 residuum
527 4284 683 4347 bonorum
706 4307 847 4348 meorum
869 4284 1046 4363 mobilium,
1061 4297 1092 4348 et
1108 4306 1182 4369 quoe
1198 4307 1300 4370 usque

348 4383 389 4447 ad
404 4385 525 4448 exitum
541 4406 601 4469 pro
615 4383 736 4447 incerto
750 4383 833 4458 vitae,
857 4383 1069 4448 diuturnitate
1089 4384 1300 4468 aegritudinis,

348 4485 380 4548 in
391 4507 468 4548 usus
480 4485 547 4548 visa
556 4484 682 4547 fuerant
691 4484 916 4560 conservanda,
928 4488 1008 4549 sicut
1021 4489 1110 4549 Deus
1121 4486 1297 4572 inspiravit,

349 4598 422 4673 post
437 4586 559 4649 exitum
576 4606 681 4648 meum
698 4589 835 4672 praecepi
851 4586 1049 4672 pauperibus
1064 4588 1195 4673 erogari.
1221 4589 1299 4657 Illos

349 4686 406 4774 qui
421 4687 564 4751 fraudem
577 4688 788 4765 committent,
804 4703 861 4752 aut
871 4688 938 4774 qui,
951 4689 1121 4774 quominus
1131 4711 1188 4777 pro
1200 4692 1300 4758 salute

349 4811 431 4866 mea,
447 4803 479 4853 et
496 4803 609 4869 vestra,
624 4802 654 4853 et
672 4788 841 4854 liberorum
854 4805 1030 4854 vestrorum
1046 4805 1227 4876 erogentur,
1243 4794 1301 4859 im-

350 4890 491 4978 pedient,
522 4890 721 4957 anathemate
746 4892 813 4976 jam
844 4891 1048 4978 promulgato
1077 4894 1298 4961 condemnans.
