3300 6434
414 1216 475 1282 174
673 1235 810 1280 Josurus
825 1234 1103 1281 mussasniuusrs
1275 1217 1321 1297 [s.
1339 1235 1368 1281 u.

411 1408 520 1473 preces
535 1395 647 1449 vestrae
662 1384 856 1470 porrigimus
871 1385 1040 1470 majestati,
1056 1397 1178 1470 quante
1199 1407 1369 1470 possumus

410 1486 579 1551 devotione
610 1486 837 1572 supplicantes,
868 1499 905 1550 nt
940 1509 1050 1551 eorum
1084 1487 1176 1571 justa
1213 1486 1370 1551 desiderio

409 1588 605 1674 complentis,
632 1600 669 1651 ut
695 1586 786 1652 exitu
812 1588 1012 1672 negotiorum
1037 1588 1122 1652 incili
1146 1601 1179 1652 et
1203 1588 1287 1652 felici
1314 1581 1368 1651 ex'-

409 1688 547 1768 hilarati,
562 1688 732 1773 utriusque
746 1687 821 1751 vitre
836 1709 999 1753 successus
1021 1686 1111 1752 robis
1128 1687 1365 1772 praecordialius

410 1790 559 1855 studeant
574 1789 615 1855 nb
632 1789 798 1853 Altissimo
813 1789 995 1875 promereri.
1042 1790 1133 1853 luter
1147 1801 1261 1853 coetern
1276 1789 1365 1851 miles

408 1891 539 1979 quidam
566 1888 741 1966 eeclesiam,
769 1912 867 1976 quam
890 1890 924 1953 xl
952 1890 1042 1955 annis
1068 1890 1252 1956 inconcusse
1275 1904 1368 1956 tenu·

333 2049 336 2056 .
406 2003 511 2069 eruut,
526 1991 571 2055 eis
587 1990 718 2055 molitur
741 1991 868 2057 auferre
882 1991 943 2056 sub
967 2005 1128 2078 praetexsu
1150 1992 1367 2058 advocationis

409 2116 506 2181 quum
520 2093 673 2157 adversus
686 2092 849 2156 ecclesiam
867 2093 930 2156 Dei
946 2092 1016 2157 laici
1038 2093 1126 2180 spud
1142 2116 1199 2158 nos
1211 2094 1365 2180 pernicio-

409 2194 532 2260 sissime
564 2192 741 2258 vendicant.
799 2193 993 2259 Trahuntur
1027 2195 1069 2260 ob
1098 2196 1159 2260 hoc
1190 2195 1231 2259 sd
1261 2194 1366 2258 sedem

407 2298 625 2381 apostolicam,
641 2317 678 2359 nc
692 2296 719 2359 si
741 2308 869 2381 possent
892 2295 967 2361 inde
988 2297 1180 2384 iujuriarum
1203 2310 1364 2382 reportare

407 2397 595 2472 molestiam,
606 2396 663 2461 uhi
671 2398 748 2481 jura
759 2409 943 2463 nascuntur.
984 2399 1060 2477 Sed,
1071 2412 1200 2463 auctore
1213 2399 1364 2472 Domino,

408 2510 590 2564 sanctorum
606 2497 806 2562 decessorum
820 2511 998 2562 vestrorum
1009 2500 1151 2584 vestigiis
1167 2500 1366 2574 inhaerendo,

407 2598 455 2664 ita
469 2598 565 2665 unius
581 2598 791 2662 temeritatem
806 2598 995 2675 retundetis,
1011 2615 1048 2665 ut
1064 2602 1134 2685 ejus
1149 2601 1295 2686 exemplo
1310 2600 1364 2664 ulii

408 2702 558 2765 instructi
573 2699 614 2763 sd
631 2699 746 2763 similia
761 2721 963 2785 nequaquem
978 2700 1118 2765 audeant
1133 2701 1284 2786 aspirare.

557 3010 778 3076 EPISmnA
802 3010 1049 3074 cxxvi-m
1065 3027 1218 3075 annonas.

655 3161 796 3225 Domino
811 3162 917 3244 Popae
928 3162 1124 3225 Alemondro.

449 3299 474 3363 J
478 3317 563 3364 oxus
578 3294 756 3360 sanctitatis
771 3308 887 3360 restrae
902 3294 1100 3373 mandatum,
1109 3295 1246 3358 nobilem
1259 3295 1360 3359 virum

409 3405 583 3487 Hugnnern
608 3397 649 3461 de
675 3399 804 3461 Dovera
830 3396 1001 3480 diligenter
1036 3396 1301 3473 commonuimus,
1325 3412 1361 3462 nt

408 3500 570 3568 monachis
581 3496 681 3564 sancti
697 3497 817 3564 Bertini
832 3497 995 3563 ecclesiam
1005 3496 1046 3562 de
1061 3496 1252 3578 chilleham,
1263 3521 1361 3584 quam

408 3603 450 3667 ad
468 3606 524 3688 jus
546 3600 727 3666 monasterii
750 3600 809 3681 sui,
824 3611 863 3665 ut
885 3599 1045 3676 dicebant,
1061 3600 1285 3685 pertinentem,
1301 3600 1361 3663 sibi

408 3703 574 3777 violenter,
601 3716 632 3765 et
663 3702 784 3786 ubsque
810 3700 936 3787 judicio
966 3701 1182 3786 querebantur
1212 3701 1362 3776 ablatam,

407 3800 599 3866 restitueret.
624 3799 684 3863 Ille
699 3811 806 3864 antem
822 3825 855 3864 se
869 3801 1029 3866 mundatis
1042 3801 1234 3885 apostolicis,
1249 3813 1282 3865 et
1294 3802 1363 3886 juri

406 3900 551 3989 promisit
577 3898 780 3962 devotissime
808 3923 865 3984 per
890 3902 999 3964 omnia
1022 3902 1220 3985 pariturum:
1252 3924 1361 3965 verum

408 4002 581 4068 falsitatem
602 4021 747 4086 precum,
763 4021 845 4085 quas
863 3999 954 4062 vobis
977 4000 1122 4064 monachi
1145 4016 1362 4084 porrexerant,

407 4107 442 4169 in
454 4101 564 4167 multis
578 4098 743 4185 arguebat.
789 4098 897 4163 Primo
912 4097 1041 4182 quidem
1060 4097 1246 4182 jamdictum
1263 4100 1361 4163 eccle-

407 4205 483 4271 siam
502 4202 541 4269 ad
560 4203 618 4287 jus
635 4199 817 4265 monasterii
838 4221 900 4261 uon
922 4198 1080 4284 pertinere
1101 4180 1246 4277 asseruit,
1262 4222 1358 4285 quam

407 4327 571 4393 nunquam
594 4303 703 4388 ipsius,
725 4301 774 4364 vel
796 4300 932 4389 alicujus
948 4299 1213 4384 praedecessorum
1230 4324 1359 4365 suorum

407 4429 535 4473 assensn
558 4403 748 4478 habuerant,
764 4402 939 4487 praesertim
955 4422 1056 4485 quum
1072 4423 1134 4463 uon
1159 4403 1359 4477 assentiente,

406 4506 524 4571 nedum
556 4505 731 4567 reluctante
760 4500 932 4566 fundatore
955 4513 1057 4565 status
1082 4500 1221 4566 ecclesiae
1244 4504 1360 4565 mutari

407 4630 471 4672 non
494 4607 604 4691 possit,
627 4617 683 4668 sut
707 4604 821 4689 subjici
844 4603 1001 4668 servituti.
1046 4601 1171 4666 Deinde
1192 4603 1361 4665 monachos

406 4729 570 4793 nunqnam
583 4730 641 4770 suo
650 4706 776 4769 nomine
791 4704 965 4790 possedisse
977 4702 1114 4781 dicebat,
1125 4705 1180 4767 sed
1192 4703 1357 4788 cujusdam

408 4806 543 4888 odonis,
558 4830 653 4891 quem
671 4803 899 4869 famosissimus
921 4802 974 4866 ille
996 4815 1152 4885 tyrannus
1170 4816 1199 4865 et
1220 4802 1358 4865 ecclesiae
