3300 6434
294 1225 489 1309 lltv-sslt]
703 1238 884 1288 nntsrotn.
1190 1218 1249 1285 uo

290 1397 450 1464 desiderat
464 1395 640 1462 emendari.
662 1394 718 1458 Ad
734 1394 887 1460 illustrem
905 1392 1008 1456 virum
1024 1392 1108 1478 regis
1127 1392 1247 1479 buglo-

293 1522 366 1564 rum
382 1499 605 1565 cancellarium
622 1497 823 1584 properabat,
839 1495 894 1560 sed
908 1495 1069 1576 eum‚‚nisi
1085 1517 1248 1579 processus

290 1600 478 1686 expedierit,
500 1597 658 1662 cohibete.
703 1596 864 1662 Garrulus
886 1596 970 1659 enim
991 1608 1050 1672 est,
1065 1608 1098 1659 et
1120 1596 1177 1681 qui
1193 1595 1247 1658 vix

288 1703 427 1765 amicum
451 1700 581 1764 habebit
604 1699 637 1762 in
660 1698 758 1763 curia.
805 1696 930 1762 Nollem
958 1711 1063 1762 tamen
1086 1698 1174 1783 quod
1198 1719 1248 1760 me

290 1802 462 1867 curialibus
476 1801 593 1865 faceret
608 1799 783 1864 inimicum.
831 1798 948 1863 Precor
962 1811 999 1865 ut
1021 1822 1093 1864 eum
1116 1799 1245 1864 incuntb

291 1915 396 1967 tenter
418 1900 583 1979 erudiatis,
606 1923 745 1988 eumque
767 1905 948 1987 expectanti
972 1903 1072 1965 amico
1093 1901 1247 1965 remittite

290 2003 489 2088 castigatum.
528 2007 602 2068 Non
618 2001 767 2088 equidem
784 2014 820 2065 ut
836 2002 890 2065 fur
904 2001 957 2064 ille
974 2000 1127 2065 Cantuar.
1144 2001 1246 2079 Brito,

290 2104 332 2169 de
357 2106 451 2192 cujus
475 2128 571 2168 manu
601 2103 694 2167 avelli
726 2126 785 2166 non
816 2102 935 2188 potuit,
962 2116 1132 2187 antequam
1159 2114 1246 2166 totus

291 2205 529 2292 depingeretur,
551 2207 635 2270 sorte
658 2218 694 2269 ut
715 2204 841 2268 facilius
866 2204 966 2290 possit
987 2204 1079 2288 argui
1107 2203 1245 2268 bostium

289 2306 391 2371 oculis
413 2306 613 2393 ingerendus.
659 2308 753 2371 Hanc
777 2307 884 2391 itaque
907 2310 1093 2371 Graecorum
1116 2328 1246 2371 consue-

290 2406 434 2472 tudinem
451 2430 517 2472 esse
532 2407 706 2488 audieram,
717 2406 773 2471 sed
787 2430 854 2470 esse
867 2407 1037 2471 Britonum
1048 2406 1243 2493 ignorabam.

410 2677 647 2742 EPISTOLA
674 2677 959 2744 LXXXII.-so
974 2697 1125 2742 nouanti.

334 2814 439 2890 Quom
451 2812 520 2876 haec
535 2812 713 2888 scriberem,
726 2812 851 2877 notario
862 2812 961 2875 risum
974 2814 1071 2876 morit
1083 2812 1245 2898 praemissa

287 2915 488 2979 salutationis
509 2914 684 2999 inscriptio,
704 2916 796 3000 cujus
817 2936 943 2978 causam
966 2913 1148 2999 inquisitus,
1168 2912 1244 2979 ridi·

286 3015 395 3080 culum
411 3037 461 3079 me
477 3016 681 3081 salutatorem
707 3015 829 3080 monuit
847 3015 934 3101 loqui
956 3014 1142 3095 consultius,
1156 3028 1189 3079 et
1205 3037 1243 3079 ne

287 3139 395 3181 amara
416 3128 447 3181 et
467 3116 605 3204 insipida
625 3116 775 3182 dulcibus
794 3116 954 3197 misceam,
970 3133 1165 3203 temperare:
1197 3117 1242 3183 ait

285 3217 369 3280 enim
383 3229 414 3281 te
425 3216 506 3283 sicut
517 3217 676 3282 ‘salutem'
690 3230 854 3303 acceptare
865 3216 1070 3295 oblatam‚sic
1082 3219 1243 3304 aspernari

287 3317 374 3405 quod
387 3319 606 3405 subjungitur,
622 3323 675 3384 ‘et
690 3319 850 3404 seipsum‘
886 3322 985 3384 Forte
996 3321 1072 3407 quia
1086 3343 1242 3397 amarum,

286 3419 362 3505 quia
395 3420 581 3505 insipidum,
611 3421 786 3506 praesertim
822 3420 910 3484 domi
946 3444 1013 3485 suae
1047 3420 1243 3486 dulcioribus

285 3519 473 3585 abundanti.
500 3519 574 3603 Ego
589 3533 695 3583 autem
712 3518 791 3605 quid
807 3518 849 3582 ad
864 3516 949 3583 ista?
971 3531 1096 3582 mutare
1109 3520 1244 3609 iuscrip-

287 3618 404 3683 tionem
423 3634 518 3703 turpe
533 3619 674 3705 quidem,
690 3619 744 3682 sed
765 3640 834 3681 eam
851 3619 917 3682 siue
932 3620 1125 3685 discussione
1141 3635 1243 3689 trans·

285 3721 413 3784 mittere
443 3720 644 3784 temerarium
677 3719 857 3784 videbatur.
903 3723 1062 3785 Praeterea
1089 3725 1141 3788 cui
1171 3728 1242 3791 herc

285 3818 466 3883 mandanda
485 3819 651 3896 discussio,
671 3819 849 3887 incertum:
880 3823 915 3887 Si
936 3822 1020 3885 enim
1042 3826 1110 3909 ipse
1131 3823 1239 3890 discu-

285 3925 362 3986 tiam
378 3921 525 4001 clemens,
538 3921 596 3986 tibi
611 3935 724 4009 potero
735 3944 801 3986 esse
812 3938 986 4010 suspectus,
998 3927 1025 3989 si
1035 3925 1239 3993 calumnianti

284 4023 397 4103 recolo,
413 4025 489 4111 quia
513 4023 735 4091 calumniantis
757 4048 793 4089 os
812 4046 876 4089 uon
899 4025 1041 4112 loquitur
1062 4030 1239 4095 veritatem.

285 4126 318 4189 Si
332 4126 401 4203 tibi,
414 4126 547 4192 remulus
557 4149 620 4191 non
635 4126 821 4213 adquiescit,
833 4128 952 4205 dicens,
965 4140 997 4191 te
1008 4129 1160 4193 sinceram
1175 4153 1237 4194 non

181 4220 182 4223 ¹
283 4250 373 4313 posse
387 4229 470 4293 serre
488 4228 686 4302 sententiam,
703 4229 759 4312 qui
777 4241 833 4292 aut
848 4227 889 4291 de
910 4250 992 4291 novo
1007 4228 1108 4295 hostis
1122 4254 1167 4306 es,
1182 4246 1238 4296 aut

282 4328 322 4391 de
352 4330 486 4412 antiqua
514 4328 725 4392 familiaritate
755 4328 884 4392 amicus.
941 4328 1071 4393 Privata
1099 4355 1237 4420 namque

282 4429 408 4494 affectio
423 4430 609 4493 sententiam
627 4451 689 4491 non
705 4428 788 4514 parit
803 4429 1031 4516 incorruptam.
1064 4436 1141 4498 Post
1156 4436 1237 4500 mul·

283 4546 347 4595 tam
364 4531 475 4615 itaque
496 4527 756 4595 deliberationem
781 4529 909 4594 tandem
930 4530 1023 4609 sedit,
1041 4547 1075 4599 ut
1092 4535 1233 4620 judicem

281 4632 398 4717 eligam
413 4631 530 4697 domus
545 4642 620 4710 tuae,
634 4631 699 4708 ubi,
713 4644 744 4696 te
759 4632 900 4708 absente,
917 4649 1072 4720 praesente
1089 4638 1236 4705 Waltero

283 4734 323 4797 de
347 4734 458 4814 Calua,
473 4734 531 4819 qui
554 4748 658 4799 tamen
681 4736 797 4822 etipse
813 4734 878 4799 doli
899 4736 987 4821 argui
1008 4750 1124 4824 potest,
1140 4763 1235 4808 causa

282 4838 470 4902 familiarius
485 4837 643 4922 agitetur:
675 4837 774 4925 partis
789 4838 939 4917 adversa,
955 4862 1016 4904 non
1033 4842 1129 4907 timeo
1144 4845 1234 4934 adju.

327 4962 398 5006 von.
417 4962 438 5010 t.
756 4963 767 5006 1
