3300 6434
373 1154 479 1241 lisa]
755 1175 938 1226 tersione.
1261 1170 1324 1226 305

436 1326 464 1378 N
465 1345 498 1380 on
513 1327 608 1381 Bibulo
620 1329 758 1398 quicquam
770 1347 861 1400 nuper,
873 1329 921 1381 sed
933 1328 1038 1380 Caesare
1048 1333 1153 1394 gestum
1165 1336 1215 1392 cst,

507 1412 535 1464 N
536 1431 580 1467 am
591 1412 689 1466 Bibulo
702 1421 806 1482 gestum
818 1413 924 1467 consule
936 1412 974 1465 nil
985 1412 1100 1464 memini.

365 1536 438 1608 Qua
467 1544 574 1600 autem
604 1534 804 1619 impudentia
834 1532 996 1614 dixerunt,
1024 1546 1066 1614 et,
1089 1558 1131 1600 ne
1161 1539 1257 1601 verba
1285 1538 1319 1601 in

363 1645 475 1700 ventos
515 1645 753 1711 evanescerent,
794 1638 998 1721 scripserunt,
1039 1637 1126 1721 quod
1167 1640 1317 1702 omnibus

362 1735 477 1799 falsum
492 1758 562 1800 esse
576 1737 725 1816 innotuit,
740 1739 760 1772 “
770 1739 846 1821 quia
861 1739 948 1816 rex,”
963 1760 1058 1823 quem
1077 1739 1315 1822 impatientissi-

364 1858 451 1900 mum
467 1859 536 1901 esse
551 1840 658 1903 nullus
669 1841 811 1923 ambigit,
829 1842 849 1874 “
860 1850 984 1922 matum
998 1840 1098 1903 habet
1109 1862 1207 1924 quum
1220 1843 1316 1905 corri-

361 1937 455 2021 pitur,
481 1951 512 2003 et
537 1939 633 2004 dulce
650 1952 741 2024 putat
761 1942 962 2031 obsequium.
977 1963 1074 2025 quum
1098 1954 1254 2021 monetur,
1280 1952 1317 2006 ut

362 2040 498 2121 corrigat
513 2041 619 2126 siquid
634 2041 804 2128 deliquerit
818 2043 852 2105 in
870 2039 1045 2105 Dominum
1056 2041 1087 2105 l”
1124 2043 1145 2077 “
1156 2044 1192 2108 si
1207 2043 1317 2126 quid,”

360 2140 522 2225 inquiunt,
544 2163 581 2206 ac
604 2142 632 2204 si
659 2142 792 2205 dubium
816 2143 857 2206 sit
883 2142 930 2205 eis
960 2143 1050 2206 illum
1080 2142 1253 2227 deliquisse
1283 2147 1316 2208 in

362 2242 548 2317 Dominum,
563 2243 620 2325 qui
642 2243 800 2306 Ecclesiae
820 2243 998 2305 libertatem
1022 2243 1316 2325 impugnatorias

359 2342 578 2424 perversitates
593 2341 758 2422 evangelio
770 2340 891 2405 Christi
907 2341 1033 2424 prefert
1043 2352 1075 2404 et
1089 2343 1312 2407 sanctionibus

359 2442 510 2515 Patrum;
549 2452 592 2518 et,
617 2453 653 2504 ut
679 2441 720 2504 de
746 2441 837 2503 robis
868 2450 991 2503 taceam
1018 2452 1049 2503 et
1080 2441 1204 2505 clericis
1233 2464 1315 2525 quos

357 2541 474 2625 injuste
500 2542 696 2626 proscripsit,
722 2542 777 2624 qui
807 2541 1010 2603 mulierculas
1040 2553 1073 2604 et
1101 2544 1251 2624 parvulos
1280 2544 1314 2607 iu

357 2644 449 2706 cunis
478 2642 666 2706 innocentes
691 2643 779 2704 omni
805 2643 919 2705 solatio
946 2641 1124 2717 destitutos,
1151 2664 1216 2706 non
1248 2657 1312 2708 tam

355 2744 477 2807 crudeli
489 2745 648 2807 sententia
662 2764 759 2826 quam
774 2743 899 2806 insania
914 2744 1070 2826 compulit
1087 2745 1232 2808 exulare:
1256 2746 1311 2829 qui

356 2845 533 2908 schismatis
563 2845 701 2908 furorem
734 2843 803 2924 jam
833 2843 899 2906 fere
929 2845 1067 2926 sopitum
1097 2845 1250 2910 excitavit
1280 2858 1313 2910 et

354 2944 526 3020 roboravit,
538 2955 570 3007 et
584 2943 788 3007 ressuscitato
802 2944 957 3025 procella,
973 2964 1045 3025 quae
1056 2942 1124 3025 jam
1140 2945 1310 3028 plurimum

356 3044 565 3117 detumuerat,
577 3064 692 3107 navem
707 3043 931 3128 apostolicam,
946 3056 1101 3127 quantum
1117 3045 1150 3106 in
1165 3046 1236 3128 ipso
1252 3058 1312 3126 est,

350 3167 423 3210 cum
434 3146 564 3210 Christo
576 3146 757 3224 submersit,
768 3147 866 3209 immo
878 3155 910 3208 et
927 3145 1032 3209 adhuc
1046 3147 1167 3228 mergit.
1200 3148 1306 3220 Quid·

353 3268 426 3311 nam
443 3269 553 3331 quaeso
568 3247 691 3310 ducunt
704 3246 738 3310 in
755 3247 898 3325 crimine,
914 3248 970 3331 qui
984 3247 1046 3313 hoc
1063 3270 1134 3312 esse
1156 3249 1309 3312 innocen·

353 3349 428 3412 tiam
460 3344 658 3430 gloriantur?
695 3357 751 3411 aut
778 3349 936 3431 numquid
965 3348 1034 3413 haec
1064 3349 1309 3431 probationibus

351 3449 510 3532 indigent,
527 3472 598 3534 quae
614 3449 754 3512 muudus
770 3450 909 3530 agnovit,
926 3470 997 3532 quae
1012 3450 1045 3511 io
1061 3442 1127 3512 suis
1142 3448 1308 3514 doloribus

351 3562 384 3615 et
398 3551 563 3615 tormentis
577 3550 796 3614 indesinenter
809 3551 908 3614 sentit
929 3550 1089 3628 Ecclesia,
1105 3573 1177 3634 que
1200 3553 1305 3636 quoti-

351 3650 456 3713 dianis
473 3671 577 3713 rerum
598 3650 828 3733 experimentis
842 3652 915 3714 luce
931 3651 1046 3714 clarius
1061 3661 1181 3735 patent.
1227 3653 1305 3733 Sed,

348 3751 376 3814 si
403 3750 520 3835 corripi
546 3750 639 3814 dulce
669 3760 763 3833 putot
788 3752 990 3836 obsequium,
1017 3754 1147 3835 planum
1175 3763 1222 3818 est
1248 3775 1304 3819 eos

348 3853 512 3936 amplioris
538 3873 606 3916 esse
629 3851 785 3936 perfidiae,
808 3854 863 3937 qui
894 3853 1059 3917 dominum
1082 3875 1187 3933 suum,
1210 3855 1303 3940 cujus

348 3952 504 4036 obsequio
516 3974 633 4036 corpus
645 3951 841 4018 devorerunt
852 3965 884 4017 et
895 3956 1043 4033 animam,
1056 3966 1118 4018 tam
1135 3957 1303 4020 enormiter

346 4055 510 4137 patiuntur
531 4076 643 4119 errare.
697 4055 783 4120 Sane
808 4056 976 4140 impletum
1000 4066 1050 4119 est
1072 4055 1107 4118 in
1134 4055 1181 4118 eis
1205 4054 1301 4119 bodie

346 4156 575 4239 Propheticum
589 4156 680 4230 illud,
699 4157 801 4224 Quasi
814 4159 926 4239 vulpes
939 4157 976 4218 in
995 4156 1121 4219 deserto
1132 4158 1299 4239 propheto

346 4258 397 4319 tui
411 4257 527 4337 lsrael,
541 4278 641 4342 quum
656 4256 698 4320 ad
714 4257 954 4321 subversionem
970 4258 1127 4336 ecclesiae,
1142 4258 1197 4342 qui
1219 4256 1298 4321 Pro-

344 4357 512 4441 phetarum
526 4359 560 4421 in
575 4380 613 4421 aa
631 4360 738 4422 locum
760 4366 882 4433 tenent,
899 4358 1080 4423 dolositatis
1102 4379 1168 4423 suae
1191 4359 1297 4424 multi·

342 4458 444 4541 plicas
457 4458 590 4542 laqueos
606 4467 728 4534 texant,
739 4456 835 4521 dulce
851 4457 1051 4545 salutationis
1065 4455 1298 4540 premittentes

342 4559 517 4642 eloquium,
532 4557 679 4621 devotam
695 4558 881 4642 profitentes
896 4556 1123 4636 obedientiam,
1138 4557 1296 4622 auxilium

342 4671 376 4723 et
397 4660 565 4723 consilinm
588 4658 819 4743 promittentes,
838 4668 874 4720 ut
896 4668 1095 4723 transeuntes
1117 4679 1173 4743 per
1194 4661 1295 4724 nube·

341 4762 431 4824 colas
453 4761 621 4834 rationum,
637 4770 670 4824 et
688 4757 792 4825 verbis
813 4757 964 4839 legitimis
986 4760 1153 4824 abutentes
1174 4760 1207 4825 in
1231 4760 1295 4827 dis.

384 4880 458 4927 voc.
476 4881 497 4926 1.
815 4878 839 4924 x
