3300 6434
347 1252 541 1330 llsa-m.]
729 1269 907 1315 nvrsronn.
1256 1258 1293 1317 at

344 1420 409 1499 sed,
418 1420 505 1506 quod
521 1434 675 1506 pastorem
689 1419 790 1495 dee-et,
803 1442 947 1505 quaerere
964 1420 1096 1484 salutem
1109 1421 1298 1487 animarum.

346 1524 438 1587 Nosti
460 1521 617 1607 siquidem
642 1520 729 1605 quod
748 1535 780 1584 et
800 1520 897 1585 seculi
920 1525 1006 1605 leges
1027 1544 1081 1585 eos
1100 1526 1299 1589 acerbissime

345 1623 495 1711 puniunt,
505 1623 573 1709 lege
590 1624 612 1685 J
617 1622 681 1685 ulia
695 1623 959 1707 repetundarum,
972 1625 1027 1711 qui
1043 1624 1076 1687 in
1092 1625 1245 1690 faciendis
1259 1648 1300 1690 ex

344 1726 457 1802 officio,
474 1726 524 1788 vel
541 1746 601 1788 non
617 1723 780 1800 faciendis,
796 1724 960 1789 sordidum
985 1739 1149 1790 sectantur
1163 1727 1301 1790 lucrum.

347 1828 410 1892 Sed
425 1842 458 1891 et
472 1847 606 1889 canones
629 1825 769 1914 praelatis
784 1827 933 1891 omnibus
954 1826 1075 1891 ordinis
1095 1843 1126 1892 et
1143 1827 1236 1891 officii
1251 1828 1301 1892 sui

346 1926 521 2010 periculum
535 1924 696 2008 infligunt,
709 1926 764 2010 qui
778 1926 984 1990 interdictum
1000 1927 1152 2012 subjectis
1163 1928 1301 1992 officium

346 2027 448 2112 pretio
464 2038 594 2111 accepto
614 2041 672 2090 aut
691 2027 848 2111 promisso
867 2028 1053 2092 restituunt.
1098 2030 1189 2111 Ergo
1210 2043 1246 2093 ut
1265 2030 1299 2093 in

348 2146 405 2193 tua
419 2127 589 2192 sedulitate
603 2128 800 2211 glorificetur
818 2132 917 2204 Deus,
932 2141 964 2191 et
983 2143 1075 2191 tuum
1093 2129 1301 2193 ministerium

347 2231 532 2308 honoretur,
545 2243 661 2293 excute
673 2251 785 2292 manus
797 2244 870 2293 tuas
884 2253 903 2292 a
918 2229 1066 2293 sordibus
1080 2246 1112 2292 et
1127 2230 1303 2309 calumniis,

349 2353 388 2393 ne
409 2329 547 2394 officium
565 2329 695 2414 judicis,
717 2330 801 2413 quod
827 2331 886 2410 tibi
905 2353 925 2393 a
940 2330 1079 2394 Domino
1099 2332 1301 2396 commissum

351 2446 410 2508 est,
427 2430 651 2515 negotiationis
665 2432 786 2516 species
801 2430 957 2496 videatur.

361 2764 600 2827 EPISTOLA
624 2762 852 2827 LXIX-an
867 2781 1053 2829 nrrscorou
1069 2783 1296 2829 casrasrvsnn.

664 2898 803 2961 Domino
820 2898 991 2962 Cestrertsc'.

395 3032 475 3107 Qua
494 3029 701 3114 perniciosius
724 3028 858 3108 laduat,
880 3042 911 3093 et
930 3029 1093 3094 ecclesiam
1113 3032 1305 3099 immundio-

354 3132 443 3195 ribus
461 3129 610 3194 sordibus
626 3129 787 3215 polluunt,
804 3152 844 3193 ex
858 3129 961 3194 officio
979 3130 1131 3218 pastoraii
1153 3134 1307 3198 debemus
1402 3209 1406 3218 Δ

352 3233 457 3298 acrius
468 3232 628 3318 persequi,
639 3244 671 3296 et
681 3254 701 3295 a
712 3232 808 3295 domo
821 3230 952 3296 Domini
962 3233 1100 3297 validius
1110 3234 1308 3320 propulsare.

354 3336 388 3401 Si
419 3334 549 3421 quidem
580 3347 612 3398 et
643 3356 700 3398 nos
729 3357 769 3398 ex
800 3356 954 3398 consensu
980 3334 1074 3420 culpa
1103 3334 1307 3399 subditorum

353 3438 500 3512 involvit,
516 3448 548 3500 et
562 3459 633 3500 reos
647 3436 804 3500 convincit
825 3448 899 3498 ante
921 3437 1107 3510 Dominum,
1122 3434 1182 3496 nisi
1196 3455 1305 3498 eornm

353 3538 480 3615 delicta,
496 3559 597 3623 quum
615 3536 766 3611 valemus,
783 3533 998 3599 studuerimus
1012 3532 1189 3596 emendare.
1235 3533 1308 3597 Me-

354 3639 505 3703 minimus
519 3651 626 3701 autem
643 3658 697 3698 vos
712 3657 770 3720 per
785 3633 927 3698 Aianum
944 3632 986 3697 de
1005 3632 1136 3711 Wilnai,
1150 3633 1306 3702 archidia-

354 3738 440 3802 conis
455 3752 486 3801 et
502 3737 644 3812 decanis,
659 3746 692 3798 et
705 3733 895 3798 officialibus
910 3734 1155 3799 conventrensis
1169 3736 1308 3803 ecclesias

355 3838 474 3923 scripta
501 3850 609 3901 nostra
638 3836 758 3900 misisse
786 3834 829 3899 ad
858 3835 1095 3901 convellendam
1127 3837 1307 3922 pestiferam

356 3938 491 4003 radicem
524 3936 709 4001 Simoniacse
743 3936 942 4022 pravitatis,
957 3961 1031 4022 quae
1061 3941 1093 4002 in
1121 3938 1308 4024 episcopatu

356 4042 546 4106 Cicestrensi
560 4040 601 4104 de
621 4063 704 4104 novo
718 4039 838 4104 dicitur
857 4039 1044 4123 germinare.
1091 4042 1173 4102 Nam
1190 4042 1311 4121 vicarii,

356 4144 447 4208 utin
486 4142 624 4207 ecclesiis
660 4141 885 4219 admittantur,
924 4139 1041 4223 singuli
1080 4158 1132 4200 xrr
1166 4138 1312 4204 denarios

356 4260 514 4329 coguntur
536 4244 710 4317 exsolvere,
726 4254 759 4305 et
780 4243 861 4304 hanc
883 4239 1051 4325 redempta
1072 4238 1310 4325 quodammodo

358 4345 498 4407 Domino
513 4340 729 4406 sanctificandi
745 4340 882 4415 licentia,
892 4360 1028 4401 annuam
1041 4338 1195 4403 ministris
1205 4339 1313 4424 potius

359 4444 507 4507 Satbanae
537 4462 631 4527 quam
663 4435 814 4512 ecclesiae,
842 4436 962 4500 solvere
990 4442 1182 4523 pensionem.
1241 4443 1312 4505 Hoc

357 4557 463 4608 autern
492 4540 630 4628 amplius
659 4538 726 4603 fieri
755 4538 817 4602 sub
846 4539 1047 4601 anathemate
1076 4539 1311 4624 prohibuimus,

359 4647 519 4710 tradentes
542 4643 691 4707 Sathanre
715 4638 851 4725 principi
874 4662 933 4702 suo
948 4662 1012 4714 eoa,
1028 4643 1085 4725 qui
1108 4641 1188 4704 banc
1211 4642 1313 4706 Simo-

359 4745 479 4808 niacam
496 4742 684 4828 pravitatem
702 4739 837 4803 ulterius
852 4739 1056 4802 exercebunt.
1100 4742 1313 4825 Proecepimus

360 4844 598 4910 archidiaconos
614 4857 644 4905 et
669 4843 830 4905 ministros
851 4862 958 4902 eorum
984 4840 1124 4924 antiquis
1145 4855 1313 4907 consuetu-
