3300 6434
357 1260 550 1338 llos—61]
733 1276 912 1321 amsrocrs.
1244 1267 1300 1324 lll

353 1426 472 1491 amicus
487 1440 594 1491 noster
607 1428 768 1494 Jordanus
786 1427 935 1511 subprior
951 1428 1112 1492 Lersensis
1133 1428 1191 1493 tibi
1207 1441 1307 1494 trans-

352 1528 490 1593 miserat.
524 1529 676 1613 Paginam
705 1528 872 1592 verborum
899 1527 1028 1614 impleri
1053 1528 1149 1607 soliis,
1173 1542 1204 1595 et
1231 1531 1309 1613 quia

353 1630 447 1694 dulce
470 1642 538 1695 erat
554 1628 644 1714 loqui
667 1630 793 1692 inaure
814 1628 917 1704 amici,
934 1643 966 1694 et
988 1631 1148 1714 quianon
1171 1644 1239 1695 erat
1260 1654 1311 1695 res

353 1752 446 1806 nova,
472 1752 570 1816 quam
602 1729 660 1794 tibi
685 1729 856 1813 significari
882 1745 1038 1816 oporteat,
1075 1731 1198 1807 Valete,
1220 1744 1253 1797 et
1272 1746 1311 1797 ut

352 1832 490 1908 valeant,
514 1831 667 1895 fratribus
690 1833 805 1895 nostris
828 1832 993 1909 denuntia,
1017 1833 1149 1897 fraterni
1175 1833 1311 1898 nominis

351 1932 395 1994 sic
410 1931 623 2017 appellatione
644 1932 790 2009 dilatata,
809 1946 845 1997 ut
867 1955 928 1996 non
949 1934 1044 1999 modo
1064 1934 1104 1998 ad
1121 1934 1309 2019 magistrum

352 2032 556 2109 extendatur,
570 2045 601 2097 et
618 2046 827 2119 peccatorem,
844 2034 898 2098 sed
914 2049 945 2100 et
967 2035 1069 2099 filium
1087 2036 1263 2115 Remfredi,
1278 2049 1311 2101 et

351 2131 441 2213 alios,
463 2134 518 2220 qui
547 2134 639 2199 nobis
664 2135 865 2199 fraternitate
887 2136 1028 2199 caritatis
1044 2138 1242 2222 junguntur,
1264 2138 1311 2200 ita

351 2232 445 2296 etism
462 2233 542 2297 utin
558 2232 614 2318 qui
624 2233 833 2319 intelligatur,
850 2248 981 2320 atquae.
1006 2235 1129 2300 Iterum
1142 2250 1174 2299 et
1186 2255 1310 2321 semper

352 2333 462 2399 valete.

385 2588 608 2654 EPISTOLA
631 2591 873 2654 LXXXIe-an
889 2610 1047 2654 assarna
1064 2610 1273 2656 concausam.

393 2730 522 2792 Vrnrus
547 2729 721 2794 amicorum
752 2729 859 2794 omnia
884 2728 1018 2793 invicem
1049 2729 1310 2795 communicanda
1357 2783 1359 2785 .

348 2849 415 2891 esse
441 2828 591 2912 praefinit,
615 2843 647 2894 et
671 2853 690 2893 a
715 2831 853 2895 sacrario
878 2831 1027 2895 amicitiae
1047 2853 1179 2895 censura
1195 2830 1310 2895 discre-

348 2927 445 2992 tionis
460 2929 617 3006 excludit,
627 2932 685 3015 qui
701 2931 760 2996 sibi
773 2954 841 3016 prae
856 2932 965 2996 amicis
980 2930 1127 3019 proprios
1141 2931 1309 2997 vendicant

350 3028 491 3094 affectus.
537 3032 616 3108 Quis
641 3034 723 3096 euim
753 3056 802 3096 res
828 3034 961 3119 ambigit
991 3033 1227 3120 participandas
1250 3035 1308 3107 eis,

348 3152 487 3215 quorum
496 3144 630 3196 unusest
641 3131 932 3211 animus,siveritas
941 3133 1181 3219 professionisin
1192 3135 1308 3199 amoris

347 3231 410 3295 fide
425 3237 592 3298 servatur?
625 3233 790 3320 Siquidem
806 3235 835 3297 is
855 3247 904 3299 est
920 3236 977 3319 qui
997 3257 1151 3320 compage
1165 3233 1307 3300 caritatis

346 3333 469 3399 animos
489 3334 569 3411 unit,
585 3335 737 3422 facitque,
760 3348 796 3401 ut
819 3337 864 3401 ait
888 3334 1090 3413 Chalcidius,
1107 3350 1143 3400 ut
1165 3333 1305 3400 mirabili

346 3456 431 3499 nexu
442 3438 555 3519 gratiae
565 3436 897 3500 unusanimusfiatex
908 3436 1068 3520 pluribus,
1078 3434 1203 3500 etsicut
1213 3433 1307 3498 Plato

346 3548 458 3600 auctor
480 3549 539 3609 est,
560 3536 696 3599 eundem
722 3537 870 3621 spiritum
894 3534 1006 3599 multis
1032 3557 1104 3597 vere
1130 3534 1305 3596 amantium

345 3637 532 3720 corporibus
547 3634 728 3720 praesidere,
742 3636 799 3719 qui
815 3634 889 3699 licet
911 3656 993 3700 unus
1007 3634 1046 3700 sit
1063 3634 1104 3697 ad
1120 3633 1238 3698 innatae
1254 3635 1305 3698 vel

345 3748 490 3819 cognatae
506 3737 634 3800 virtutis
648 3735 763 3811 officia,
780 3736 943 3799 interdum
963 3736 1099 3822 amplius
1113 3734 1306 3802 convalescit

347 3837 380 3898 in
404 3835 549 3919 singulis,
574 3848 632 3899 aut
653 3858 713 3921 pro
739 3835 893 3921 qualitate
919 3859 1086 3922 corporum
1115 3835 1305 3903 retardatur,

348 3940 458 4010 Quum
476 3959 551 4021 ergo
563 3958 614 3999 me
630 3936 719 4000 vobis
730 3937 866 4002 amicum
883 3961 950 4001 esse
961 3939 1122 4023 professus
1137 3960 1219 4014 sum,
1233 3961 1306 4024 par·

347 4036 491 4123 ticipiutn
513 4058 619 4101 rerum
636 4047 668 4100 et
687 4037 865 4101 animorum
887 4038 989 4102 libens
1006 4061 1155 4123 spinaco,
1170 4051 1305 4123 excepto

344 4139 461 4203 affectu
479 4140 633 4207 molestias
652 4161 749 4225 quarn
768 4138 809 4202 de
832 4138 951 4203 domini
971 4151 1004 4202 et
1028 4139 1130 4219 patris
1149 4137 1209 4200 mei
1231 4137 1304 4202 diu-

344 4251 440 4303 turna
460 4254 493 4305 et
515 4241 615 4305 dubia
634 4241 817 4305 infirmitate
837 4240 977 4324 concepi,
993 4239 1087 4323 cujus
1109 4238 1245 4301 miseriae
1266 4261 1304 4302 eo

344 4341 441 4424 cupio
463 4360 573 4406 omnes
591 4363 659 4403 esse
678 4339 886 4423 expertiores,
903 4362 968 4424 quo
985 4335 1018 4402 in
1037 4338 1101 4402 fide
1119 4350 1152 4401 et
1170 4338 1303 4403 caritate

343 4438 464 4502 suerint
484 4439 628 4502 cariores.
661 4438 753 4501 Istud
775 4438 907 4522 quidem
929 4437 1067 4518 interim,
1085 4436 1235 4524 quoniam
1257 4439 1302 4502 sic

343 4550 481 4622 oportet,
503 4560 609 4601 meum
633 4538 685 4617 sit,
707 4550 848 4601 vestrum
871 4541 954 4602 enim
978 4557 1046 4602 esse
1066 4559 1128 4602 non
1149 4537 1299 4623 expedit:

344 4651 458 4702 caetera
473 4638 589 4716 omnia,
606 4640 631 4703 si
647 4639 736 4703 robis
751 4637 911 4723 displicet,
924 4639 1031 4726 quoad
1048 4638 1257 4725 expedierint,
1269 4652 1301 4703 et

345 4738 432 4803 licita
454 4755 538 4815 sunt,
563 4751 718 4826 quantum
742 4738 783 4802 ad
807 4761 877 4803 mea
895 4750 1028 4825 spectat,
1049 4752 1157 4804 nostra
1179 4740 1254 4817 sint,
1268 4753 1301 4804 et

346 4840 464 4925 praevia
480 4841 644 4906 honestate
661 4841 723 4908 sint
739 4842 845 4906 omnia
860 4841 950 4906 nobis
966 4844 1154 4906 communia.
1185 4843 1301 4927 Neque
