<?xml version="1.0" encoding="UTF-8"?>
<!DOCTYPE html PUBLIC "-//W3C//DTD XHTML 1.0 Transitional//EN"
    "http://www.w3.org/TR/xhtml1/DTD/xhtml1-transitional.dtd">
<html xmlns="http://www.w3.org/1999/xhtml" xml:lang="en" lang="en">
 <head>
  <title>
</title>
<meta http-equiv="Content-Type" content="text/html;charset=utf-8" />
  <meta name='ocr-system' content='tesseract 3.04.00' />
  <meta name='ocr-capabilities' content='ocr_page ocr_carea ocr_par ocr_line ocrx_word'/>
</head>
<body>
  <div class='ocr_page' id='page_1' title='image "./joannissaresber14johngoog_0328.png"; bbox 0 0 3300 6434; ppageno 0'>
   <div class='ocr_carea' id='block_1_1' title="bbox 415 1251 1388 1331">
    <p class='ocr_par' dir='ltr' id='par_1_1' title="bbox 415 1251 1388 1331">
     <span class='ocr_line' id='line_1_1' title="bbox 415 1251 1388 1331; baseline 0.001 -19"><span class='ocrx_word' id='word_1_1' title='bbox 415 1255 477 1313; x_wconf 85' lang='grc'>308</span> <span class='ocrx_word' id='word_1_2' title='bbox 671 1267 807 1311; x_wconf 76' lang='lat' dir='ltr'>Joauurs</span> <span class='ocrx_word' id='word_1_3' title='bbox 825 1265 1107 1312; x_wconf 80' lang='lat' dir='ltr'>snaasnsareusrs</span> <span class='ocrx_word' id='word_1_4' title='bbox 1284 1251 1335 1331; x_wconf 76' lang='lat' dir='ltr'>[a.</span> <span class='ocrx_word' id='word_1_5' title='bbox 1354 1270 1388 1313; x_wconf 87' lang='lat' dir='ltr'>o.</span> 
     </span>
    </p>
   </div>
   <div class='ocr_carea' id='block_1_2' title="bbox 414 1419 1390 1911">
    <p class='ocr_par' dir='ltr' id='par_1_2' title="bbox 418 1419 1390 1606">
     <span class='ocr_line' id='line_1_2' title="bbox 418 1419 1390 1503; baseline 0.001 -19"><span class='ocrx_word' id='word_1_6' title='bbox 418 1422 513 1484; x_wconf 85' lang='lat' dir='ltr'><strong>briter</strong></span> <span class='ocrx_word' id='word_1_7' title='bbox 528 1419 696 1493; x_wconf 82' lang='lat' dir='ltr'>exhibens,</span> <span class='ocrx_word' id='word_1_8' title='bbox 713 1420 914 1483; x_wconf 88' lang='lat' dir='ltr'>clementiam</span> <span class='ocrx_word' id='word_1_9' title='bbox 938 1420 1004 1483; x_wconf 91' lang='lat' dir='ltr'>Dei</span> <span class='ocrx_word' id='word_1_10' title='bbox 1022 1430 1054 1484; x_wconf 88' lang='lat' dir='ltr'>et</span> <span class='ocrx_word' id='word_1_11' title='bbox 1076 1420 1206 1501; x_wconf 86' lang='lat' dir='ltr'>gratiam</span> <span class='ocrx_word' id='word_1_12' title='bbox 1231 1421 1390 1503; x_wconf 90' lang='lat' dir='ltr'>Prophe·</span> 
     </span>
     <span class='ocr_line' id='line_1_3' title="bbox 418 1521 946 1606; baseline -0.002 -19"><span class='ocrx_word' id='word_1_13' title='bbox 418 1526 470 1587; x_wconf 72' lang='lat' dir='ltr'>tiae</span> <span class='ocrx_word' id='word_1_14' title='bbox 485 1521 637 1606; x_wconf 91' lang='lat' dir='ltr'>patientia</span> <span class='ocrx_word' id='word_1_15' title='bbox 651 1524 748 1602; x_wconf 87' lang='lat' dir='ltr'>longe</span> <span class='ocrx_word' id='word_1_16' title='bbox 763 1523 946 1603; x_wconf 84' lang='lat' dir='ltr'><strong>promeruit.</strong></span> 
     </span>
    </p>

    <p class='ocr_par' dir='ltr' id='par_1_3' title="bbox 414 1622 1383 1911">
     <span class='ocr_line' id='line_1_4' title="bbox 461 1622 1383 1708; baseline 0 -21"><span class='ocrx_word' id='word_1_17' title='bbox 461 1622 558 1688; x_wconf 88' lang='lat' dir='ltr'>Unde</span> <span class='ocrx_word' id='word_1_18' title='bbox 573 1622 777 1686; x_wconf 89' lang='lat' dir='ltr'>commodum</span> <span class='ocrx_word' id='word_1_19' title='bbox 800 1623 942 1700; x_wconf 85' lang='lat' dir='ltr'>arbitror,</span> <span class='ocrx_word' id='word_1_20' title='bbox 956 1635 991 1688; x_wconf 90' lang='lat' dir='ltr'>ut</span> <span class='ocrx_word' id='word_1_21' title='bbox 1012 1624 1040 1688; x_wconf 92' lang='lat' dir='ltr'>si</span> <span class='ocrx_word' id='word_1_22' title='bbox 1055 1624 1155 1689; x_wconf 86' lang='lat' dir='ltr'>cbaos</span> <span class='ocrx_word' id='word_1_23' title='bbox 1177 1624 1270 1708; x_wconf 92' lang='lat' dir='ltr'>quod</span> <span class='ocrx_word' id='word_1_24' title='bbox 1292 1626 1383 1689; x_wconf 92' lang='lat' dir='ltr'>inter</span> 
     </span>
     <span class='ocr_line' id='line_1_5' title="bbox 416 1724 1381 1810; baseline -0.001 -20"><span class='ocrx_word' id='word_1_25' title='bbox 416 1748 486 1801; x_wconf 89' lang='lat' dir='ltr'>nos,</span> <span class='ocrx_word' id='word_1_26' title='bbox 513 1737 546 1788; x_wconf 90' lang='lat' dir='ltr'>et</span> <span class='ocrx_word' id='word_1_27' title='bbox 571 1724 706 1805; x_wconf 88' lang='lat' dir='ltr'>patriam</span> <span class='ocrx_word' id='word_1_28' title='bbox 734 1734 875 1787; x_wconf 85' lang='lat' dir='ltr'>nostram</span> <span class='ocrx_word' id='word_1_29' title='bbox 902 1724 1061 1789; x_wconf 86' lang='lat' dir='ltr'>firmatum</span> <span class='ocrx_word' id='word_1_30' title='bbox 1093 1735 1153 1802; x_wconf 89' lang='lat' dir='ltr'>est,</span> <span class='ocrx_word' id='word_1_31' title='bbox 1180 1726 1381 1810; x_wconf 74' lang='lat' dir='ltr'>permiserit,</span> 
     </span>
     <span class='ocr_line' id='line_1_6' title="bbox 414 1824 1377 1911; baseline 0.002 -22"><span class='ocrx_word' id='word_1_32' title='bbox 414 1827 498 1889; x_wconf 89' lang='lat' dir='ltr'>hanc</span> <span class='ocrx_word' id='word_1_33' title='bbox 528 1824 692 1908; x_wconf 88' lang='lat' dir='ltr'>epistolam</span> <span class='ocrx_word' id='word_1_34' title='bbox 722 1833 858 1886; x_wconf 87' lang='lat' dir='ltr'>vestram</span> <span class='ocrx_word' id='word_1_35' title='bbox 888 1824 929 1887; x_wconf 91' lang='lat' dir='ltr'>ad</span> <span class='ocrx_word' id='word_1_36' title='bbox 959 1826 1102 1908; x_wconf 89' lang='lat' dir='ltr'>singulos</span> <span class='ocrx_word' id='word_1_37' title='bbox 1137 1826 1312 1911; x_wconf 89' lang='lat' dir='ltr'>episcopos</span> <span class='ocrx_word' id='word_1_38' title='bbox 1342 1837 1377 1891; x_wconf 89' lang='lat' dir='ltr'>et</span> 
     </span>
    </p>
   </div>
   <div class='ocr_carea' id='block_1_3' title="bbox 394 1925 1438 4943">
    <p class='ocr_par' dir='ltr' id='par_1_4' title="bbox 394 1925 1438 4943">
     <span class='ocr_line' id='line_1_7' title="bbox 415 1925 1378 2012; baseline 0 -23"><span class='ocrx_word' id='word_1_39' title='bbox 415 1926 607 1989; x_wconf 82' lang='lat' dir='ltr'>celebriores</span> <span class='ocrx_word' id='word_1_40' title='bbox 629 1925 779 1987; x_wconf 87' lang='lat' dir='ltr'>ecclesias</span> <span class='ocrx_word' id='word_1_41' title='bbox 800 1925 1033 2012; x_wconf 85' lang='lat' dir='ltr'>transmittatis,</span> <span class='ocrx_word' id='word_1_42' title='bbox 1056 1936 1092 1989; x_wconf 90' lang='lat' dir='ltr'>ut</span> <span class='ocrx_word' id='word_1_43' title='bbox 1113 1926 1301 1990; x_wconf 88' lang='lat' dir='ltr'>nutantium</span> <span class='ocrx_word' id='word_1_44' title='bbox 1325 1926 1378 1989; x_wconf 87' lang='lat' dir='ltr'>fir·</span> 
     </span>
     <span class='ocr_line' id='line_1_8' title="bbox 412 2025 1374 2108; baseline 0.001 -18"><span class='ocrx_word' id='word_1_45' title='bbox 412 2026 505 2090; x_wconf 88' lang='lat' dir='ltr'>metis</span> <span class='ocrx_word' id='word_1_46' title='bbox 526 2025 636 2101; x_wconf 89' lang='lat' dir='ltr'>fidem,</span> <span class='ocrx_word' id='word_1_47' title='bbox 650 2036 683 2088; x_wconf 92' lang='lat' dir='ltr'>et</span> <span class='ocrx_word' id='word_1_48' title='bbox 704 2025 846 2088; x_wconf 92' lang='lat' dir='ltr'>omnium</span> <span class='ocrx_word' id='word_1_49' title='bbox 865 2026 1046 2108; x_wconf 86' lang='lat' dir='ltr'>provocetis</span> <span class='ocrx_word' id='word_1_50' title='bbox 1068 2028 1235 2108; x_wconf 82' lang='lat' dir='ltr'>affectum,</span> <span class='ocrx_word' id='word_1_51' title='bbox 1249 2029 1374 2092; x_wconf 81' lang='lat' dir='ltr'>crebris</span> 
     </span>
     <span class='ocr_line' id='line_1_9' title="bbox 413 2124 1375 2212; baseline 0.003 -23"><span class='ocrx_word' id='word_1_52' title='bbox 413 2128 507 2190; x_wconf 89' lang='lat' dir='ltr'>etiam</span> <span class='ocrx_word' id='word_1_53' title='bbox 532 2124 819 2209; x_wconf 82' lang='lat' dir='ltr'>scriptitationibus</span> <span class='ocrx_word' id='word_1_54' title='bbox 844 2125 987 2205; x_wconf 88' lang='lat' dir='ltr'>singulos</span> <span class='ocrx_word' id='word_1_55' title='bbox 1002 2126 1173 2209; x_wconf 89' lang='lat' dir='ltr'>episcopos</span> <span class='ocrx_word' id='word_1_56' title='bbox 1196 2128 1232 2190; x_wconf 91' lang='lat' dir='ltr'>in</span> <span class='ocrx_word' id='word_1_57' title='bbox 1256 2130 1375 2212; x_wconf 86' lang='lat' dir='ltr'>spiritu</span> 
     </span>
     <span class='ocr_line' id='line_1_10' title="bbox 413 2224 1374 2307; baseline 0.001 -15"><span class='ocrx_word' id='word_1_58' title='bbox 413 2227 678 2302; x_wconf 84' lang='lat' dir='ltr'>mausuetudinis,</span> <span class='ocrx_word' id='word_1_59' title='bbox 696 2238 729 2289; x_wconf 90' lang='lat' dir='ltr'>et</span> <span class='ocrx_word' id='word_1_60' title='bbox 750 2227 892 2290; x_wconf 89' lang='lat' dir='ltr'>lenitatis</span> <span class='ocrx_word' id='word_1_61' title='bbox 914 2224 1102 2307; x_wconf 87' lang='lat' dir='ltr'>sollicitetis,</span> <span class='ocrx_word' id='word_1_62' title='bbox 1118 2239 1153 2291; x_wconf 92' lang='lat' dir='ltr'>ut</span> <span class='ocrx_word' id='word_1_63' title='bbox 1175 2227 1311 2293; x_wconf 77' lang='lat' dir='ltr'>redeant</span> <span class='ocrx_word' id='word_1_64' title='bbox 1333 2229 1374 2294; x_wconf 89' lang='lat' dir='ltr'>ad</span> 
     </span>
     <span class='ocr_line' id='line_1_11' title="bbox 413 2327 1370 2404; baseline 0 -11"><span class='ocrx_word' id='word_1_65' title='bbox 413 2351 479 2404; x_wconf 88' lang='lat' dir='ltr'>cor,</span> <span class='ocrx_word' id='word_1_66' title='bbox 500 2341 532 2392; x_wconf 91' lang='lat' dir='ltr'>et</span> <span class='ocrx_word' id='word_1_67' title='bbox 554 2328 753 2392; x_wconf 88' lang='lat' dir='ltr'>meminerint</span> <span class='ocrx_word' id='word_1_68' title='bbox 774 2327 968 2391; x_wconf 90' lang='lat' dir='ltr'>conditionis</span> <span class='ocrx_word' id='word_1_69' title='bbox 989 2349 1073 2392; x_wconf 82' lang='lat' dir='ltr'>suae:</span> <span class='ocrx_word' id='word_1_70' title='bbox 1106 2338 1138 2391; x_wconf 89' lang='lat' dir='ltr'>et</span> <span class='ocrx_word' id='word_1_71' title='bbox 1158 2329 1191 2392; x_wconf 90' lang='lat' dir='ltr'>in</span> <span class='ocrx_word' id='word_1_72' title='bbox 1215 2331 1370 2394; x_wconf 89' lang='lat' dir='ltr'>omnibus</span> 
     </span>
     <span class='ocr_line' id='line_1_12' title="bbox 412 2427 1370 2514; baseline 0.001 -21"><span class='ocrx_word' id='word_1_73' title='bbox 412 2430 615 2514; x_wconf 87' lang='lat' dir='ltr'>provideatis,</span> <span class='ocrx_word' id='word_1_74' title='bbox 637 2450 678 2493; x_wconf 92' lang='lat' dir='ltr'>ne</span> <span class='ocrx_word' id='word_1_75' title='bbox 705 2427 783 2511; x_wconf 91' lang='lat' dir='ltr'>qnid</span> <span class='ocrx_word' id='word_1_76' title='bbox 805 2438 942 2492; x_wconf 87' lang='lat' dir='ltr'>vestrum</span> <span class='ocrx_word' id='word_1_77' title='bbox 967 2430 1155 2512; x_wconf 79' lang='lat' dir='ltr'>arrogantiae</span> <span class='ocrx_word' id='word_1_78' title='bbox 1177 2441 1233 2494; x_wconf 87' lang='lat' dir='ltr'>aut</span> <span class='ocrx_word' id='word_1_79' title='bbox 1253 2431 1370 2494; x_wconf 89' lang='lat' dir='ltr'>immo·</span> 
     </span>
     <span class='ocr_line' id='line_1_13' title="bbox 412 2527 1370 2614; baseline 0.003 -23"><span class='ocrx_word' id='word_1_80' title='bbox 412 2528 585 2593; x_wconf 88' lang='lat' dir='ltr'>derationis</span> <span class='ocrx_word' id='word_1_81' title='bbox 607 2527 782 2613; x_wconf 83' lang='lat' dir='ltr'>praetendat</span> <span class='ocrx_word' id='word_1_82' title='bbox 796 2530 981 2610; x_wconf 85' lang='lat' dir='ltr'>imaginem.</span> <span class='ocrx_word' id='word_1_83' title='bbox 1026 2528 1077 2591; x_wconf 86' lang='lat' dir='ltr'>Ad</span> <span class='ocrx_word' id='word_1_84' title='bbox 1102 2529 1173 2593; x_wconf 82' lang='lat' dir='ltr'>haec</span> <span class='ocrx_word' id='word_1_85' title='bbox 1197 2531 1315 2614; x_wconf 90' lang='lat' dir='ltr'>accepi</span> <span class='ocrx_word' id='word_1_86' title='bbox 1330 2532 1370 2594; x_wconf 86' lang='lat' dir='ltr'>ab</span> 
     </span>
     <span class='ocr_line' id='line_1_14' title="bbox 409 2628 1367 2712; baseline 0.004 -21"><span class='ocrx_word' id='word_1_87' title='bbox 409 2628 461 2692; x_wconf 91' lang='lat' dir='ltr'>his</span> <span class='ocrx_word' id='word_1_88' title='bbox 475 2630 530 2712; x_wconf 91' lang='lat' dir='ltr'>qui</span> <span class='ocrx_word' id='word_1_89' title='bbox 545 2629 812 2692; x_wconf 87' lang='lat' dir='ltr'>Herefordensem</span> <span class='ocrx_word' id='word_1_90' title='bbox 823 2631 1012 2712; x_wconf 84' lang='lat' dir='ltr'>episcopum</span> <span class='ocrx_word' id='word_1_91' title='bbox 1028 2652 1062 2694; x_wconf 89' lang='lat' dir='ltr'>se</span> <span class='ocrx_word' id='word_1_92' title='bbox 1073 2630 1259 2695; x_wconf 78' lang='lat' dir='ltr'>familiarius</span> <span class='ocrx_word' id='word_1_93' title='bbox 1270 2653 1367 2695; x_wconf 89' lang='lat' dir='ltr'>nosse</span> 
     </span>
     <span class='ocr_line' id='line_1_15' title="bbox 410 2729 1438 2813; baseline 0.003 -20"><span class='ocrx_word' id='word_1_94' title='bbox 410 2731 532 2806; x_wconf 89' lang='lat' dir='ltr'>dicunt,</span> <span class='ocrx_word' id='word_1_95' title='bbox 547 2729 633 2813; x_wconf 91' lang='lat' dir='ltr'>quod</span> <span class='ocrx_word' id='word_1_96' title='bbox 650 2729 723 2792; x_wconf 90' lang='lat' dir='ltr'>dum</span> <span class='ocrx_word' id='word_1_97' title='bbox 741 2742 915 2793; x_wconf 88' lang='lat' dir='ltr'>versaretur</span> <span class='ocrx_word' id='word_1_98' title='bbox 929 2732 962 2794; x_wconf 91' lang='lat' dir='ltr'>in</span> <span class='ocrx_word' id='word_1_99' title='bbox 980 2732 1109 2810; x_wconf 91' lang='lat' dir='ltr'>scholis,</span> <span class='ocrx_word' id='word_1_100' title='bbox 1124 2731 1232 2796; x_wconf 91' lang='lat' dir='ltr'>laudis</span> <span class='ocrx_word' id='word_1_101' title='bbox 1251 2753 1368 2796; x_wconf 86' lang='lat' dir='ltr'>avarus</span> <span class='ocrx_word' id='word_1_102' title='bbox 1436 2774 1438 2778; x_wconf 93' lang='lat'>-</span> 
     </span>
     <span class='ocr_line' id='line_1_16' title="bbox 411 2832 1369 2937; baseline 0.002 -42"><span class='ocrx_word' id='word_1_103' title='bbox 411 2843 489 2906; x_wconf 88' lang='lat' dir='ltr'>erat,</span> <span class='ocrx_word' id='word_1_104' title='bbox 505 2842 537 2894; x_wconf 91' lang='lat' dir='ltr'>et</span> <span class='ocrx_word' id='word_1_105' title='bbox 552 2841 658 2893; x_wconf 88' lang='lat' dir='ltr'>tantus</span> <span class='ocrx_word' id='word_1_106' title='bbox 676 2841 797 2893; x_wconf 88' lang='lat' dir='ltr'>amator</span> <span class='ocrx_word' id='word_1_107' title='bbox 818 2832 937 2911; x_wconf 84' lang='lat' dir='ltr'>gloriae,</span> <span class='ocrx_word' id='word_1_108' title='bbox 953 2844 1092 2916; x_wconf 89' lang='lat' dir='ltr'>quantus</span> <span class='ocrx_word' id='word_1_109' title='bbox 1114 2834 1263 2937; x_wconf 63' lang='lat' dir='ltr'>pecnpiae</span> <span class='ocrx_word' id='word_1_110' title='bbox 1280 2834 1369 2898; x_wconf 88' lang='lat' dir='ltr'>vide-</span> 
     </span>
     <span class='ocr_line' id='line_1_17' title="bbox 410 2935 1369 3021; baseline 0.002 -24"><span class='ocrx_word' id='word_1_111' title='bbox 410 2936 504 2997; x_wconf 87' lang='lat' dir='ltr'>batur</span> <span class='ocrx_word' id='word_1_112' title='bbox 530 2953 598 2995; x_wconf 89' lang='lat' dir='ltr'>esse</span> <span class='ocrx_word' id='word_1_113' title='bbox 626 2941 835 3015; x_wconf 86' lang='lat' dir='ltr'>contemptor.</span> <span class='ocrx_word' id='word_1_114' title='bbox 881 2935 1017 2998; x_wconf 88' lang='lat' dir='ltr'>Putatur</span> <span class='ocrx_word' id='word_1_115' title='bbox 1037 2935 1146 3019; x_wconf 90' lang='lat' dir='ltr'>itaque</span> <span class='ocrx_word' id='word_1_116' title='bbox 1171 2935 1261 3021; x_wconf 91' lang='lat' dir='ltr'>quod</span> <span class='ocrx_word' id='word_1_117' title='bbox 1286 2936 1369 2999; x_wconf 88' lang='lat' dir='ltr'>nihil</span> 
     </span>
     <span class='ocr_line' id='line_1_18' title="bbox 412 3034 1370 3119; baseline 0.001 -22"><span class='ocrx_word' id='word_1_118' title='bbox 412 3035 503 3097; x_wconf 90' lang='lat' dir='ltr'>illum</span> <span class='ocrx_word' id='word_1_119' title='bbox 530 3034 633 3115; x_wconf 85' lang='lat' dir='ltr'>magis</span> <span class='ocrx_word' id='word_1_120' title='bbox 659 3053 783 3096; x_wconf 83' lang='lat' dir='ltr'>morere</span> <span class='ocrx_word' id='word_1_121' title='bbox 806 3044 928 3117; x_wconf 90' lang='lat' dir='ltr'>posset,</span> <span class='ocrx_word' id='word_1_122' title='bbox 951 3056 1048 3118; x_wconf 90' lang='lat' dir='ltr'>quam</span> <span class='ocrx_word' id='word_1_123' title='bbox 1074 3036 1101 3098; x_wconf 91' lang='lat' dir='ltr'>si</span> <span class='ocrx_word' id='word_1_124' title='bbox 1126 3055 1201 3099; x_wconf 90' lang='lat' dir='ltr'>eum</span> <span class='ocrx_word' id='word_1_125' title='bbox 1224 3036 1370 3119; x_wconf 78' lang='lat' dir='ltr'>magistri</span> 
     </span>
     <span class='ocr_line' id='line_1_19' title="bbox 413 3134 1366 3219; baseline 0.005 -22"><span class='ocrx_word' id='word_1_126' title='bbox 413 3136 605 3211; x_wconf 90' lang='lat' dir='ltr'>scholarum,</span> <span class='ocrx_word' id='word_1_127' title='bbox 620 3146 653 3197; x_wconf 92' lang='lat' dir='ltr'>et</span> <span class='ocrx_word' id='word_1_128' title='bbox 671 3134 727 3197; x_wconf 89' lang='lat' dir='ltr'>viri</span> <span class='ocrx_word' id='word_1_129' title='bbox 751 3135 901 3216; x_wconf 86' lang='lat' dir='ltr'>religiosi,</span> <span class='ocrx_word' id='word_1_130' title='bbox 917 3148 1027 3219; x_wconf 88' lang='lat' dir='ltr'>utpote</span> <span class='ocrx_word' id='word_1_131' title='bbox 1051 3137 1141 3201; x_wconf 91' lang='lat' dir='ltr'>Prior</span> <span class='ocrx_word' id='word_1_132' title='bbox 1162 3137 1275 3202; x_wconf 87' lang='lat' dir='ltr'>Sancti</span> <span class='ocrx_word' id='word_1_133' title='bbox 1290 3139 1366 3204; x_wconf 92' lang='lat' dir='ltr'>Vic-</span> 
     </span>
     <span class='ocr_line' id='line_1_20' title="bbox 412 3236 1368 3319; baseline 0.006 -21"><span class='ocrx_word' id='word_1_134' title='bbox 412 3238 499 3315; x_wconf 88' lang='lat' dir='ltr'>toris‚</span> <span class='ocrx_word' id='word_1_135' title='bbox 515 3246 547 3298; x_wconf 89' lang='lat' dir='ltr'>et</span> <span class='ocrx_word' id='word_1_136' title='bbox 569 3236 698 3311; x_wconf 88' lang='lat' dir='ltr'>similes,</span> <span class='ocrx_word' id='word_1_137' title='bbox 716 3256 798 3318; x_wconf 91' lang='lat' dir='ltr'>qnos</span> <span class='ocrx_word' id='word_1_138' title='bbox 820 3237 855 3297; x_wconf 92' lang='lat' dir='ltr'>in</span> <span class='ocrx_word' id='word_1_139' title='bbox 878 3237 986 3301; x_wconf 92' lang='lat' dir='ltr'>Gallia</span> <span class='ocrx_word' id='word_1_140' title='bbox 1008 3238 1177 3303; x_wconf 85' lang='lat' dir='ltr'>familiares</span> <span class='ocrx_word' id='word_1_141' title='bbox 1199 3240 1368 3319; x_wconf 89' lang='lat' dir='ltr'>habuerat,</span> 
     </span>
     <span class='ocr_line' id='line_1_21' title="bbox 412 3336 1369 3424; baseline 0.003 -21"><span class='ocrx_word' id='word_1_142' title='bbox 412 3338 590 3403; x_wconf 90' lang='lat' dir='ltr'>socordiam</span> <span class='ocrx_word' id='word_1_143' title='bbox 617 3336 696 3419; x_wconf 90' lang='lat' dir='ltr'>ejus,</span> <span class='ocrx_word' id='word_1_144' title='bbox 718 3336 772 3419; x_wconf 91' lang='lat' dir='ltr'>qui</span> <span class='ocrx_word' id='word_1_145' title='bbox 799 3340 986 3420; x_wconf 87' lang='lat' dir='ltr'>sperabatur</span> <span class='ocrx_word' id='word_1_146' title='bbox 1009 3340 1229 3424; x_wconf 86' lang='lat' dir='ltr'>redempturus</span> <span class='ocrx_word' id='word_1_147' title='bbox 1256 3343 1369 3421; x_wconf 85' lang='lat' dir='ltr'>Israel,</span> 
     </span>
     <span class='ocr_line' id='line_1_22' title="bbox 413 3438 1370 3519; baseline 0.003 -15"><span class='ocrx_word' id='word_1_148' title='bbox 413 3440 481 3504; x_wconf 90' lang='lat' dir='ltr'>suis</span> <span class='ocrx_word' id='word_1_149' title='bbox 495 3440 595 3504; x_wconf 89' lang='lat' dir='ltr'>literis</span> <span class='ocrx_word' id='word_1_150' title='bbox 610 3438 790 3502; x_wconf 84' lang='lat' dir='ltr'>excitarent</span> <span class='ocrx_word' id='word_1_151' title='bbox 804 3450 837 3502; x_wconf 93' lang='lat' dir='ltr'>et</span> <span class='ocrx_word' id='word_1_152' title='bbox 858 3440 1043 3519; x_wconf 86' lang='lat' dir='ltr'>animarent,</span> <span class='ocrx_word' id='word_1_153' title='bbox 1057 3451 1094 3504; x_wconf 94' lang='lat' dir='ltr'>ut</span> <span class='ocrx_word' id='word_1_154' title='bbox 1107 3463 1193 3505; x_wconf 90' lang='lat' dir='ltr'>nunc</span> <span class='ocrx_word' id='word_1_155' title='bbox 1216 3442 1370 3508; x_wconf 89' lang='lat' dir='ltr'>ostendat</span> 
     </span>
     <span class='ocr_line' id='line_1_23' title="bbox 412 3539 1368 3624; baseline 0.002 -22"><span class='ocrx_word' id='word_1_156' title='bbox 412 3540 610 3624; x_wconf 90' lang='lat' dir='ltr'>episcopum,</span> <span class='ocrx_word' id='word_1_157' title='bbox 641 3560 734 3621; x_wconf 91' lang='lat' dir='ltr'>quem</span> <span class='ocrx_word' id='word_1_158' title='bbox 764 3539 797 3601; x_wconf 91' lang='lat' dir='ltr'>in</span> <span class='ocrx_word' id='word_1_159' title='bbox 829 3539 957 3603; x_wconf 89' lang='lat' dir='ltr'>scholas</span> <span class='ocrx_word' id='word_1_160' title='bbox 987 3539 1158 3624; x_wconf 82' lang='lat' dir='ltr'>depingere</span> <span class='ocrx_word' id='word_1_161' title='bbox 1187 3542 1368 3622; x_wconf 87' lang='lat' dir='ltr'>consuevit,</span> 
     </span>
     <span class='ocr_line' id='line_1_24' title="bbox 412 3642 1365 3725; baseline 0.004 -21"><span class='ocrx_word' id='word_1_162' title='bbox 412 3653 445 3705; x_wconf 88' lang='lat' dir='ltr'>at</span> <span class='ocrx_word' id='word_1_163' title='bbox 460 3665 478 3705; x_wconf 90' lang='lat' dir='ltr'>a</span> <span class='ocrx_word' id='word_1_164' title='bbox 493 3664 526 3706; x_wconf 91' lang='lat' dir='ltr'>se</span> <span class='ocrx_word' id='word_1_165' title='bbox 539 3642 721 3725; x_wconf 87' lang='lat' dir='ltr'>propellens</span> <span class='ocrx_word' id='word_1_166' title='bbox 734 3642 894 3724; x_wconf 75' lang='lat' dir='ltr'>vitiaque</span> <span class='ocrx_word' id='word_1_167' title='bbox 907 3642 940 3703; x_wconf 90' lang='lat' dir='ltr'>in</span> <span class='ocrx_word' id='word_1_168' title='bbox 953 3642 1024 3703; x_wconf 85' lang='lat' dir='ltr'>aliis</span> <span class='ocrx_word' id='word_1_169' title='bbox 1039 3644 1203 3723; x_wconf 88' lang='lat' dir='ltr'>arguebat,</span> <span class='ocrx_word' id='word_1_170' title='bbox 1214 3644 1365 3708; x_wconf 70' lang='lat' dir='ltr'>ambmm</span> 
     </span>
     <span class='ocr_line' id='line_1_25' title="bbox 411 3738 1365 3822; baseline 0.007 -20"><span class='ocrx_word' id='word_1_171' title='bbox 411 3740 545 3803; x_wconf 89' lang='lat' dir='ltr'>redimat</span> <span class='ocrx_word' id='word_1_172' title='bbox 566 3741 691 3803; x_wconf 86' lang='lat' dir='ltr'>famam.</span> <span class='ocrx_word' id='word_1_173' title='bbox 746 3738 837 3804; x_wconf 90' lang='lat' dir='ltr'>Idem</span> <span class='ocrx_word' id='word_1_174' title='bbox 863 3742 958 3804; x_wconf 88' lang='lat' dir='ltr'>etiam</span> <span class='ocrx_word' id='word_1_175' title='bbox 983 3742 1023 3805; x_wconf 92' lang='lat' dir='ltr'>de</span> <span class='ocrx_word' id='word_1_176' title='bbox 1046 3743 1265 3822; x_wconf 86' lang='lat' dir='ltr'>Wigorniensi</span> <span class='ocrx_word' id='word_1_177' title='bbox 1286 3766 1365 3809; x_wconf 89' lang='lat' dir='ltr'>con·</span> 
     </span>
     <span class='ocr_line' id='line_1_26' title="bbox 412 3839 1363 3927; baseline 0.012 -27"><span class='ocrx_word' id='word_1_178' title='bbox 412 3839 533 3912; x_wconf 89' lang='lat' dir='ltr'>sulitur,</span> <span class='ocrx_word' id='word_1_179' title='bbox 552 3860 611 3918; x_wconf 85' lang='lat' dir='ltr'>ego</span> <span class='ocrx_word' id='word_1_180' title='bbox 634 3850 739 3903; x_wconf 85' lang='lat' dir='ltr'>tamen</span> <span class='ocrx_word' id='word_1_181' title='bbox 762 3862 821 3903; x_wconf 91' lang='lat' dir='ltr'>nec</span> <span class='ocrx_word' id='word_1_182' title='bbox 846 3841 886 3905; x_wconf 90' lang='lat' dir='ltr'>de</span> <span class='ocrx_word' id='word_1_183' title='bbox 908 3843 989 3925; x_wconf 88' lang='lat' dir='ltr'>ipsis</span> <span class='ocrx_word' id='word_1_184' title='bbox 1011 3845 1094 3906; x_wconf 91' lang='lat' dir='ltr'>bene</span> <span class='ocrx_word' id='word_1_185' title='bbox 1117 3866 1220 3927; x_wconf 88' lang='lat' dir='ltr'>spero,</span> <span class='ocrx_word' id='word_1_186' title='bbox 1235 3868 1298 3909; x_wconf 91' lang='lat' dir='ltr'>nec</span> <span class='ocrx_word' id='word_1_187' title='bbox 1322 3847 1363 3911; x_wconf 88' lang='lat' dir='ltr'>de</span> 
     </span>
     <span class='ocr_line' id='line_1_27' title="bbox 411 3939 1362 4023; baseline 0.009 -21"><span class='ocrx_word' id='word_1_188' title='bbox 411 3961 484 4021; x_wconf 89' lang='lat' dir='ltr'>rege</span> <span class='ocrx_word' id='word_1_189' title='bbox 507 3939 711 4016; x_wconf 89' lang='lat' dir='ltr'>Francorum,</span> <span class='ocrx_word' id='word_1_190' title='bbox 727 3942 825 4023; x_wconf 92' lang='lat' dir='ltr'>quod,</span> <span class='ocrx_word' id='word_1_191' title='bbox 841 3943 924 4006; x_wconf 89' lang='lat' dir='ltr'>sicut</span> <span class='ocrx_word' id='word_1_192' title='bbox 943 3960 1068 4019; x_wconf 79' lang='lat' dir='ltr'>caetera,</span> <span class='ocrx_word' id='word_1_193' title='bbox 1084 3946 1117 4008; x_wconf 93' lang='lat' dir='ltr'>in</span> <span class='ocrx_word' id='word_1_194' title='bbox 1141 3967 1216 4009; x_wconf 86' lang='lat' dir='ltr'>anre</span> <span class='ocrx_word' id='word_1_195' title='bbox 1238 3945 1362 4012; x_wconf 89' lang='lat' dir='ltr'>dictum</span> 
     </span>
     <span class='ocr_line' id='line_1_28' title="bbox 412 4040 1362 4127; baseline 0.008 -23"><span class='ocrx_word' id='word_1_196' title='bbox 412 4042 463 4119; x_wconf 90' lang='lat' dir='ltr'>sit,</span> <span class='ocrx_word' id='word_1_197' title='bbox 478 4062 577 4127; x_wconf 90' lang='lat' dir='ltr'>quum</span> <span class='ocrx_word' id='word_1_198' title='bbox 601 4040 642 4102; x_wconf 89' lang='lat' dir='ltr'>ad</span> <span class='ocrx_word' id='word_1_199' title='bbox 657 4062 812 4125; x_wconf 68' lang='lat' dir='ltr'>supremae</span> <span class='ocrx_word' id='word_1_200' title='bbox 828 4045 1027 4108; x_wconf 87' lang='lat' dir='ltr'>necessitatis</span> <span class='ocrx_word' id='word_1_201' title='bbox 1042 4046 1210 4111; x_wconf 86' lang='lat' dir='ltr'>articulum</span> <span class='ocrx_word' id='word_1_202' title='bbox 1231 4059 1362 4112; x_wconf 82' lang='lat' dir='ltr'>rentum</span> 
     </span>
     <span class='ocr_line' id='line_1_29' title="bbox 408 4142 1361 4225; baseline 0.009 -20"><span class='ocrx_word' id='word_1_203' title='bbox 408 4144 510 4220; x_wconf 74' lang='lat' dir='ltr'>silent,</span> <span class='ocrx_word' id='word_1_204' title='bbox 522 4163 680 4225; x_wconf 77' lang='lat' dir='ltr'>praesumo</span> <span class='ocrx_word' id='word_1_205' title='bbox 695 4164 792 4225; x_wconf 91' lang='lat' dir='ltr'>supra</span> <span class='ocrx_word' id='word_1_206' title='bbox 805 4142 946 4222; x_wconf 90' lang='lat' dir='ltr'>modum,</span> <span class='ocrx_word' id='word_1_207' title='bbox 957 4168 1016 4209; x_wconf 88' lang='lat' dir='ltr'>nec</span> <span class='ocrx_word' id='word_1_208' title='bbox 1033 4146 1072 4209; x_wconf 90' lang='lat' dir='ltr'>de</span> <span class='ocrx_word' id='word_1_209' title='bbox 1088 4148 1225 4212; x_wconf 88' lang='lat' dir='ltr'>ecclesia</span> <span class='ocrx_word' id='word_1_210' title='bbox 1238 4150 1361 4213; x_wconf 83' lang='lat' dir='ltr'>Roma·</span> 
     </span>
     <span class='ocr_line' id='line_1_30' title="bbox 409 4244 1363 4330; baseline 0.008 -24"><span class='ocrx_word' id='word_1_211' title='bbox 409 4266 461 4321; x_wconf 89' lang='lat' dir='ltr'>na,</span> <span class='ocrx_word' id='word_1_212' title='bbox 485 4244 577 4328; x_wconf 90' lang='lat' dir='ltr'>cujus</span> <span class='ocrx_word' id='word_1_213' title='bbox 603 4265 705 4305; x_wconf 89' lang='lat' dir='ltr'>mores</span> <span class='ocrx_word' id='word_1_214' title='bbox 736 4255 768 4307; x_wconf 92' lang='lat' dir='ltr'>et</span> <span class='ocrx_word' id='word_1_215' title='bbox 792 4247 1000 4309; x_wconf 85' lang='lat' dir='ltr'>necessitates</span> <span class='ocrx_word' id='word_1_216' title='bbox 1026 4249 1120 4312; x_wconf 90' lang='lat' dir='ltr'>nobis</span> <span class='ocrx_word' id='word_1_217' title='bbox 1144 4250 1363 4330; x_wconf 87' lang='lat' dir='ltr'>innotuerunt,</span> 
     </span>
     <span class='ocr_line' id='line_1_31' title="bbox 408 4344 1364 4434; baseline 0.01 -25"><span class='ocrx_word' id='word_1_218' title='bbox 408 4348 543 4409; x_wconf 87' lang='lat' dir='ltr'>multum</span> <span class='ocrx_word' id='word_1_219' title='bbox 559 4344 699 4407; x_wconf 80' lang='lat' dir='ltr'>conlido·</span> <span class='ocrx_word' id='word_1_220' title='bbox 745 4346 867 4430; x_wconf 89' lang='lat' dir='ltr'>Utique</span> <span class='ocrx_word' id='word_1_221' title='bbox 890 4346 1040 4412; x_wconf 90' lang='lat' dir='ltr'>dominus</span> <span class='ocrx_word' id='word_1_222' title='bbox 1062 4371 1148 4434; x_wconf 91' lang='lat' dir='ltr'>papa</span> <span class='ocrx_word' id='word_1_223' title='bbox 1161 4353 1208 4415; x_wconf 85' lang='lat' dir='ltr'>vir</span> <span class='ocrx_word' id='word_1_224' title='bbox 1229 4366 1364 4419; x_wconf 88' lang='lat' dir='ltr'>sanctus</span> 
     </span>
     <span class='ocr_line' id='line_1_32' title="bbox 406 4447 1362 4541; baseline 0.01 -30"><span class='ocrx_word' id='word_1_225' title='bbox 406 4459 438 4511; x_wconf 92' lang='lat' dir='ltr'>et</span> <span class='ocrx_word' id='word_1_226' title='bbox 454 4449 562 4532; x_wconf 86' lang='lat' dir='ltr'>justus</span> <span class='ocrx_word' id='word_1_227' title='bbox 584 4457 642 4522; x_wconf 91' lang='lat' dir='ltr'>est,</span> <span class='ocrx_word' id='word_1_228' title='bbox 660 4457 691 4509; x_wconf 88' lang='lat' dir='ltr'>et</span> <span class='ocrx_word' id='word_1_229' title='bbox 714 4447 878 4510; x_wconf 90' lang='lat' dir='ltr'>dominnm</span> <span class='ocrx_word' id='word_1_230' title='bbox 902 4450 1079 4526; x_wconf 87' lang='lat' dir='ltr'>Albertum,</span> <span class='ocrx_word' id='word_1_231' title='bbox 1101 4464 1135 4515; x_wconf 89' lang='lat' dir='ltr'>ut</span> <span class='ocrx_word' id='word_1_232' title='bbox 1158 4475 1177 4516; x_wconf 92' lang='lat' dir='ltr'>a</span> <span class='ocrx_word' id='word_1_233' title='bbox 1199 4455 1362 4541; x_wconf 88' lang='lat' dir='ltr'>plerisque</span> 
     </span>
     <span class='ocr_line' id='line_1_33' title="bbox 407 4547 1363 4631; baseline 0.008 -19"><span class='ocrx_word' id='word_1_234' title='bbox 407 4550 534 4624; x_wconf 89' lang='lat' dir='ltr'>dicitnr,</span> <span class='ocrx_word' id='word_1_235' title='bbox 549 4548 738 4610; x_wconf 89' lang='lat' dir='ltr'>imitatorem</span> <span class='ocrx_word' id='word_1_236' title='bbox 754 4548 861 4625; x_wconf 90' lang='lat' dir='ltr'>habet,</span> <span class='ocrx_word' id='word_1_237' title='bbox 877 4547 934 4611; x_wconf 91' lang='lat' dir='ltr'>sed</span> <span class='ocrx_word' id='word_1_238' title='bbox 948 4549 1018 4631; x_wconf 86' lang='lat' dir='ltr'>ejus</span> <span class='ocrx_word' id='word_1_239' title='bbox 1040 4563 1115 4615; x_wconf 88' lang='lat' dir='ltr'>sunt</span> <span class='ocrx_word' id='word_1_240' title='bbox 1136 4562 1184 4617; x_wconf 90' lang='lat' dir='ltr'>tot</span> <span class='ocrx_word' id='word_1_241' title='bbox 1205 4562 1238 4616; x_wconf 89' lang='lat' dir='ltr'>et</span> <span class='ocrx_word' id='word_1_242' title='bbox 1258 4565 1363 4621; x_wconf 85' lang='lat' dir='ltr'>tantre</span> 
     </span>
     <span class='ocr_line' id='line_1_34' title="bbox 403 4648 1365 4737; baseline 0.01 -26"><span class='ocrx_word' id='word_1_243' title='bbox 403 4648 620 4721; x_wconf 88' lang='lat' dir='ltr'>necessitates,</span> <span class='ocrx_word' id='word_1_244' title='bbox 632 4658 721 4711; x_wconf 89' lang='lat' dir='ltr'>tanta</span> <span class='ocrx_word' id='word_1_245' title='bbox 734 4648 871 4713; x_wconf 90' lang='lat' dir='ltr'>aviditas</span> <span class='ocrx_word' id='word_1_246' title='bbox 886 4662 917 4713; x_wconf 89' lang='lat' dir='ltr'>et</span> <span class='ocrx_word' id='word_1_247' title='bbox 927 4651 1112 4733; x_wconf 89' lang='lat' dir='ltr'>improbitas</span> <span class='ocrx_word' id='word_1_248' title='bbox 1128 4654 1365 4737; x_wconf 85' lang='lat' dir='ltr'>Romanorum,</span> 
     </span>
     <span class='ocr_line' id='line_1_35' title="bbox 397 4751 1364 4845; baseline 0.016 -35"><span class='ocrx_word' id='word_1_249' title='bbox 397 4762 432 4811; x_wconf 90' lang='lat' dir='ltr'>ut</span> <span class='ocrx_word' id='word_1_250' title='bbox 454 4751 614 4813; x_wconf 88' lang='lat' dir='ltr'>interdum</span> <span class='ocrx_word' id='word_1_251' title='bbox 642 4763 746 4816; x_wconf 88' lang='lat' dir='ltr'>utatur</span> <span class='ocrx_word' id='word_1_252' title='bbox 774 4752 906 4815; x_wconf 88' lang='lat' dir='ltr'>licentia</span> <span class='ocrx_word' id='word_1_253' title='bbox 931 4754 1110 4834; x_wconf 87' lang='lat' dir='ltr'>potestatis,</span> <span class='ocrx_word' id='word_1_254' title='bbox 1132 4769 1364 4845; x_wconf 87' lang='lat' dir='ltr'>procuretque,</span> 
     </span>
     <span class='ocr_line' id='line_1_36' title="bbox 394 4847 1365 4943; baseline 0.016 -32"><span class='ocrx_word' id='word_1_255' title='bbox 394 4870 436 4911; x_wconf 88' lang='lat' dir='ltr'>ex</span> <span class='ocrx_word' id='word_1_256' title='bbox 465 4847 716 4931; x_wconf 87' lang='lat' dir='ltr'>dispensatione,</span> <span class='ocrx_word' id='word_1_257' title='bbox 732 4851 819 4935; x_wconf 91' lang='lat' dir='ltr'>qnod</span> <span class='ocrx_word' id='word_1_258' title='bbox 843 4853 1029 4935; x_wconf 73' lang='lat' dir='ltr'>reipublice</span> <span class='ocrx_word' id='word_1_259' title='bbox 1055 4855 1171 4920; x_wconf 91' lang='lat' dir='ltr'>dicitur</span> <span class='ocrx_word' id='word_1_260' title='bbox 1192 4860 1365 4943; x_wconf 87' lang='lat' dir='ltr'>expedire,</span> 
     </span>
    </p>
   </div>
   <div class='ocr_carea' id='block_1_4' title="bbox 0 0 1654 6434">
    <p class='ocr_par' dir='ltr' id='par_1_5' title="bbox 0 0 1654 6434">
     <span class='ocr_line' id='line_1_37' title="bbox 0 0 1654 6434; baseline 0 0"><span class='ocrx_word' id='word_1_261' title='bbox 0 0 1654 6434; x_wconf 95' lang='lat' dir='ltr'> </span> 
     </span>
    </p>
   </div>
  </div>
 </body>
</html>
