3300 6434
347 1247 519 1327 treta-e]
736 1267 915 1312 anismam
1256 1257 1299 1313 29

344 1427 450 1478 torum
465 1430 656 1497 vestrorum,
671 1430 702 1482 et
720 1419 775 1503 jus
790 1424 929 1485 vestrum
947 1418 1104 1503 possimus
1118 1420 1298 1505 protestari.

346 1516 378 1579 Si
402 1517 482 1602 quid
505 1531 553 1583 est
576 1519 664 1605 quod
688 1518 792 1583 nuntii
815 1520 912 1585 vestri
942 1520 1109 1585 attulerint
1139 1519 1226 1605 quod
1256 1518 1298 1582 ad

344 1616 588 1702 Wigornensem
608 1630 743 1705 spectat,
758 1620 825 1683 sine
846 1641 934 1683 mora
949 1620 1139 1684 exhibeatur
1161 1633 1194 1683 et
1215 1618 1243 1683 ei
1267 1631 1299 1683 et

345 1718 593 1807 archiepiscopo.

418 1953 641 2018 EPISTOLA
663 1954 897 2016 XXVII.-sn
913 1970 1089 2016 annianum
1106 1971 1227 2016 annau.

602 2087 742 2150 Domino
757 2088 864 2168 Papae
880 2088 1039 2149 Adriano,

388 2220 636 2287 Immonnnanns
652 2241 741 2282 amor
762 2231 883 2283 tantam
908 2219 986 2282 mihi
1009 2219 1100 2283 dedit
1120 2219 1298 2297 audaciam,

345 2335 381 2386 ut
394 2321 551 2386 solicitare
562 2343 750 2406 praesumem
764 2340 822 2405 pro
832 2321 921 2396 meis,
931 2333 962 2384 et
974 2321 1145 2386 amicorum
1157 2344 1299 2387 meorum

344 2423 596 2500 necessitatibus,
613 2444 714 2507 quum
731 2425 789 2485 sim
813 2421 921 2507 pulvis
936 2434 967 2485 et
988 2422 1078 2499 cinis,
1094 2423 1300 2509 apostolicam

344 2525 560 2609 majestatem:
586 2544 695 2586 verum
711 2546 771 2609 pro
786 2522 836 2585 his
850 2521 1031 2587 fiducialius
1046 2524 1203 2611 supplico,
1218 2547 1300 2611 quos

344 2628 443 2703 vobis,
469 2638 563 2713 pater
591 2626 737 2701 amande,
764 2639 796 2690 et
827 2639 945 2689 sanctae
978 2624 1131 2689 Romanae
1160 2627 1300 2691 ecclesiae

345 2728 501 2792 fideliores
530 2752 677 2814 agnosco,
705 2729 788 2792 inter
813 2750 895 2813 quos
921 2740 968 2792 eet
994 2728 1183 2792 venerabilis
1209 2744 1301 2814 pater

344 2829 493 2895 dominus
510 2829 730 2904 Norwicensis,
743 2830 799 2915 qni
816 2829 898 2893 sicut
913 2829 1103 2914 promptiori
1118 2843 1150 2894 et
1167 2829 1300 2915 pleniori

346 2931 515 2996 devotione
538 2932 730 3016 apostolatui
755 2943 860 2995 vestro
882 2931 1096 3007 submittitur,
1117 2931 1148 2995 in
1171 2931 1302 2995 ecclesia

347 3031 526 3117 Anglorum
544 3032 738 3096 fructuosius
754 3030 937 3095 famulatur.
985 3030 1034 3094 lta
1056 3030 1232 3095 manifestis
1249 3053 1300 3095 ca·

346 3134 477 3198 lumniis
492 3134 609 3220 saepius
623 3132 787 3216 affligitur,
803 3131 955 3196 indebitis
970 3133 1193 3197 vexationibus
1212 3155 1301 3197 man·

345 3221 497 3301 datorum
520 3250 697 3300 vestrorum
721 3238 885 3299 occasione
908 3234 1131 3319 prosternitur,
1155 3236 1237 3300 sicut
1259 3258 1299 3299 ex

346 3338 508 3424 rescriptis
523 3337 743 3424 episcoporum
761 3338 895 3422 potestis
910 3336 1081 3423 percipere.
1127 3336 1301 3401 Walclreli-

344 3463 405 3504 nus
420 3440 661 3504 archidiaconus
673 3439 920 3524 comprehensus
936 3438 967 3500 in
979 3438 1131 3523 operibus
1146 3459 1298 3500 manuum

344 3562 486 3615 suarum,
509 3553 546 3602 ut
569 3561 631 3601 non
656 3538 751 3601 modo
774 3538 957 3600 mandatum
983 3547 1138 3611 nostrum,
1154 3536 1209 3598 sed
1228 3537 1300 3621 jus·

345 3641 449 3705 titiam
476 3640 606 3703 Domini
632 3650 775 3714 evacuet,
800 3649 832 3700 et
857 3657 1012 3699 sacrarum
1037 3636 1299 3701 constitutionum

343 3740 485 3825 laqueos,
499 3752 531 3803 et
549 3738 698 3823 judicum
721 3758 835 3799 manus
857 3736 999 3819 effugiat,
1021 3736 1203 3822 religionem
1228 3761 1299 3802 ves·

345 3847 427 3907 tram
454 3840 683 3904 circumvenire
705 3838 832 3916 nititur,
856 3839 915 3903 sub
941 3852 1101 3926 praetextu
1124 3842 1156 3904 et
1184 3840 1299 3907 habitu

345 3942 564 4017 restitutionis,
582 3963 680 4027 quum
698 3954 802 4005 tamen
823 3962 881 4026 per
902 3942 1008 4027 ipsum
1026 3941 1161 4016 steterit,
1178 3942 1299 4027 siquid

343 4045 371 4108 ei
394 4045 493 4122 deest,
512 4068 577 4131 qno
598 4042 704 4106 minus
725 4065 794 4106 eam
818 4042 979 4107 habuerit.
1026 4044 1133 4105 Taceo
1155 4043 1244 4128 quod
1265 4043 1299 4107 in

344 4146 591 4231 redemptionem
609 4144 748 4207 criminis
768 4142 870 4206 multa
891 4143 1034 4228 promisit
1058 4142 1090 4206 in
1113 4156 1298 4227 contemptu

345 4251 428 4315 sedis
442 4248 624 4333 apostolicae
639 4249 680 4309 ab
696 4269 732 4309 ea
748 4268 906 4321 reversus,
922 4245 1016 4330 plura
1031 4246 1196 4310 commisit.
1243 4246 1299 4310 Ad

345 4353 492 4438 injuriam
510 4363 646 4412 vestram
663 4348 775 4410 venio:
800 4346 957 4432 spurium,
973 4369 1068 4431 quem
1085 4346 1112 4409 ei
1128 4346 1299 4411 revertenti

344 4478 364 4518 a
379 4452 468 4516 vobis
482 4449 602 4513 focaria
617 4446 751 4532 peperit,
765 4446 806 4509 de
821 4447 1032 4510 saeratissimo
1053 4446 1179 4509 nomine
1194 4461 1300 4511 vestro

344 4551 498 4640 appellari
514 4551 666 4636 praecepit
684 4547 880 4611 Adrianum:
912 4548 1042 4611 eandem
1060 4546 1189 4633 reliquit
1208 4562 1299 4635 pater

344 4653 524 4741 gravidam,
535 4650 590 4716 sed
606 4649 738 4738 provida
752 4649 960 4736 dispositione
972 4659 1126 4714 statutum
1143 4664 1203 4730 est,
1218 4664 1254 4715 ut
1270 4650 1297 4714 si

344 4756 426 4821 forte
441 4753 598 4841 pepererit
614 4755 790 4818 masculum
803 4750 964 4837 appellent
981 4751 1209 4832 Beneventum,
1222 4750 1298 4838 quia

345 4857 409 4922 illic
424 4856 646 4944 peregrinatur
660 4866 763 4939 pater,
775 4853 799 4917 si
815 4853 990 4930 foeminam,
1002 4851 1129 4917 dicatur
1142 4852 1296 4917 Adriane.
