3300 6434
431 1251 494 1309 306
689 1262 824 1307 Joauurs
841 1261 1120 1310 saeeseeareusn
1300 1244 1349 1325 [a.
1365 1266 1397 1310 n,

433 1413 584 1498 pendium
599 1414 690 1496 legis,
706 1414 833 1479 tandem
849 1413 999 1492 inierant,
1016 1417 1103 1479 Reus
1117 1422 1164 1479 est
1177 1420 1306 1497 mortis,
1317 1440 1397 1481 cra-

431 1513 535 1597 cifiqe,
550 1517 704 1597 crecm'jt'pe
717 1537 802 1595 mon,
817 1536 920 1600 neque
934 1514 1025 1578 nobie
1038 1518 1205 1580 reservetis
1219 1519 1324 1597 hunc,
1337 1519 1401 1580 sed

432 1616 641 1678 Barrebom!

474 1718 565 1781 Ecce
583 1737 690 1801 quam
719 1718 854 1780 salutem
882 1719 964 1798 patri
994 1716 1187 1795 desiderant,
1213 1737 1282 1799 qna
1311 1716 1396 1781 lidei

430 1817 599 1881 devotione
619 1816 757 1880 debitam
781 1817 958 1901 adimplent
979 1818 1291 1901 obedientiamque
1314 1818 1393 1883 dili·

431 1919 540 2000 gentia
560 1939 670 2003 pacem
693 1919 776 1981 inter
801 1940 936 2000 reguum
958 1929 990 1984 et
1013 1919 1226 1983 sacerdotium
1250 1920 1394 2003 cupiunt

431 2022 601 2085 reformari.
639 2022 684 2084 Et
699 2019 830 2106 quidem
845 2021 914 2085 haec
931 2032 995 2085 tam
1010 2023 1113 2100 vobis,
1124 2042 1220 2106 quam
1235 2022 1393 2084 omnibus

432 2143 560 2187 causam
576 2134 608 2186 et
627 2122 788 2186 historiam
808 2122 1051 2207 proscriptionis
1065 2134 1183 2186 nostrae
1204 2123 1392 2204 intelligen-

432 2224 520 2287 tibus
535 2224 622 2288 dicta
637 2246 706 2287 esse
721 2245 787 2287 non
803 2224 916 2288 dubito
931 2245 972 2287 ex
991 2224 1178 2299 abundanti,
1194 2222 1252 2288 sed
1273 2225 1392 2308 impie·

430 2326 507 2389 tatis
543 2336 576 2388 et
613 2325 689 2403 doli,
718 2324 926 2408 impudentiae
964 2335 997 2388 et
1033 2325 1180 2389 salsitatis
1216 2325 1390 2389 attendens

430 2428 606 2504 cumulum,
620 2425 763 2510 profecto
785 2447 847 2490 nec
869 2427 1008 2490 animum
1027 2447 1088 2490 nec
1110 2427 1269 2491 calamum
1292 2428 1385 2509 potui

432 2524 612 2587 continere:
634 2544 708 2586 nam
725 2534 769 2602 et,

571 2638 600 2689 Si
611 2643 704 2689 nature
714 2642 804 2703 negat,
815 2637 879 2690 facit
890 2637 1036 2705 indignatio
1046 2637 1161 2700 verbm,

431 2739 582 2804 adversus
596 2741 749 2803 malitiam
766 2751 797 2803 et
811 2740 1041 2823 impudentiam
1057 2762 1179 2821 eomm,
1193 2762 1332 2825 quorum

571 2848 658 2900 Omne
669 2846 696 2899 in
708 2848 835 2919 praecipiti
845 2848 938 2900 vitium
949 2848 1033 2912 stetit,

430 2963 466 3015 ut
491 2953 640 3037 nequitiae
666 2973 775 3016 eorum
805 2954 858 3016 vix
889 2953 1013 3036 aliquid
1042 2944 1145 3037 possit
1173 2952 1303 3035 addere,
1328 2969 1386 3022 aut

429 3052 524 3116 etiam
555 3055 750 3136 excogitare,
781 3053 958 3137 quamlibet
993 3053 1131 3131 subtilis,
1160 3063 1194 3117 et
1226 3055 1261 3117 in
1291 3060 1386 3122 malis

427 3155 628 3218 inveniendis
665 3166 777 3236 arguta
814 3155 992 3237 posteritas.
1052 3155 1119 3220 Sed
1158 3156 1237 3242 quid
1266 3159 1302 3221 in
1332 3158 1385 3222 bis

428 3253 554 3318 moror?
587 3256 758 3319 Retribuat
782 3254 829 3318 eis
854 3256 957 3333 Deus,
982 3267 1015 3321 et
1042 3258 1150 3341 plane,
1175 3257 1239 3320 nisi
1265 3259 1384 3324 veritas

427 3356 509 3439 ipsa,
526 3355 612 3442 quod
634 3356 786 3439 possibile
811 3367 869 3433 est,
884 3366 1023 3421 vertatur
1046 3358 1078 3420 in
1097 3355 1279 3438 falsitatem,
1292 3362 1383 3424 retri-

426 3459 504 3521 buet
520 3456 719 3521 abundanter
736 3455 930 3520 facientibus
952 3469 984 3521 et
999 3457 1180 3524 foventibus
1202 3462 1383 3545 nequitiam

426 3555 530 3621 istam.
576 3556 642 3620 Vos
671 3567 789 3631 autem,
814 3567 850 3619 ut
878 3557 956 3620 mihi
987 3554 1089 3621 visum
1118 3571 1177 3637 est,
1205 3560 1320 3623 litteris
1350 3572 1383 3625 et

427 3659 557 3722 malitiae
569 3679 678 3721 eorum
694 3657 949 3741 prudentissime,
961 3670 993 3722 et
1004 3660 1237 3740 elegantissime
1248 3681 1379 3745 respon-

428 3757 530 3834 distis,
542 3769 574 3821 et
588 3761 726 3839 argutias
738 3781 846 3822 eorum
859 3759 914 3822 diu
928 3761 1136 3841 excogitatas,
1148 3770 1181 3824 et
1190 3762 1379 3841 elaboratas,

428 3859 515 3920 velut
545 3880 728 3922 aranearum
760 3862 946 3940 cassiculos,
971 3862 1175 3925 validissimis
1203 3864 1381 3927 rationibus

429 3959 630 4022 dissolvistis,
673 3961 719 4023 Et
740 3962 818 4025 licet
841 3963 1068 4043 grandiuscula
1083 3964 1125 4027 sit
1147 3964 1292 4047 epistola,
1308 3985 1381 4047 quse

427 4070 532 4124 tamen
557 4062 738 4132 necessaria
759 4065 828 4126 sola
847 4064 1027 4148 exequitur,
1048 4065 1162 4128 vellem
1185 4075 1292 4127 tamen
1315 4065 1379 4128 hoc

427 4161 514 4224 circa
539 4183 638 4224 unum
667 4162 845 4237 articulum,
872 4164 925 4246 qui
958 4172 990 4227 et
1015 4185 1105 4226 verus
1133 4173 1165 4227 et
1192 4176 1290 4227 notus
1319 4175 1381 4243 est,

426 4258 609 4342 diligentius
624 4260 775 4324 institisse
788 4285 796 4337 3
827 4262 961 4340 scilicet,
976 4269 1012 4325 ut
1028 4261 1238 4326 ostenderetis
1252 4264 1379 4346 patien-

424 4360 515 4437 tiam,
527 4381 622 4443 quam
638 4360 692 4423 diu
704 4362 737 4423 in
752 4361 878 4424 silentio
893 4361 1061 4439 habuistis,
1072 4374 1104 4426 et
1119 4361 1382 4443 sollicitudinem,

426 4485 523 4547 quam
552 4463 625 4547 paci
654 4462 861 4526 reformandae
891 4462 1095 4542 adhibuistis,
1124 4486 1231 4547 regem
1259 4465 1384 4549 sepius

426 4586 499 4628 cum
515 4565 601 4627 omni
613 4563 790 4627 humilitate
802 4564 984 4627 revocando
1000 4586 1056 4647 per
1070 4565 1191 4628 litteras
1204 4575 1238 4628 et
1247 4567 1384 4632 nuntios

425 4665 546 4729 domini
561 4688 664 4751 papae,
676 4687 734 4749 per
747 4676 879 4744 vestros,
889 4687 947 4749 per
961 4677 1092 4730 matrem
1108 4686 1209 4744 suam,
1220 4667 1276 4730 cui
1291 4668 1385 4733 credi

426 4764 599 4845 debuisset,
613 4790 671 4851 per
696 4768 866 4850 episcopos
888 4767 1115 4831 transmarinos
1128 4778 1161 4831 et
1179 4767 1386 4849 cismarinos,

423 4888 479 4947 per
501 4870 608 4933 fratres
630 4870 758 4950 Templi
773 4879 806 4929 et
830 4869 1022 4950 Hospitalis,
1038 4889 1094 4950 per
1115 4889 1221 4950 regem
1244 4877 1279 4932 ct
1294 4872 1389 4953 opti-
