3300 6434
345 1544 563 1609 EPISTOLA
595 1541 870 1607 CXXXIV.-an
894 1561 1039 1606 reomau
1066 1560 1294 1607 canruaarsa·

626 1662 692 1707 sna
707 1661 1013 1709 aacnrnmscororc.

353 1789 529 1853 Venerabili
547 1792 641 1869 patri
662 1794 693 1851 et
718 1787 846 1852 domino
870 1791 1035 1853 carissimo
1066 1787 1209 1864 Thomae,
1233 1787 1298 1853 Dei

383 1890 496 1970 gratio
524 1888 755 1952 Cantauriensi
779 1891 1025 1973 archiepiscopo,
1050 1911 1131 1953 suus
1154 1891 1299 1954 Journes

386 1990 647 2069 Saraucarum,
658 1990 808 2056 Salutem
823 1997 855 2054 et
859 1989 976 2074 salices
986 1992 1030 2056 ud
1044 1998 1116 2055 ootu
1127 2012 1298 2057 macerans.

389 2140 444 2204 Ex
465 2161 531 2226 quo
553 2152 660 2225 partes
681 2140 774 2225 attigi
798 2141 1003 2219 cismarinas,
1019 2140 1105 2205 visus
1127 2162 1197 2204 sum
1220 2139 1299 2205 mihi

345 2242 475 2305 sensisse
491 2242 617 2306 lenioris
632 2264 718 2308 auras
734 2244 930 2329 temperiem,
946 2243 1034 2309 etde
1049 2241 1299 2307 tumescentibus

345 2346 495 2428 procellis
508 2355 737 2431 tempestatum
749 2369 823 2411 eum
839 2348 956 2429 gaudio
966 2348 1099 2411 miratus
1109 2367 1180 2410 sum
1193 2365 1297 2411 rerum

346 2449 465 2532 ubique
488 2449 626 2533 copiam,
645 2450 850 2533 quietemque
871 2460 905 2513 et
926 2450 1070 2513 taetitiam
1092 2449 1297 2531 populorum.

347 2549 573 2632 Egredientem
584 2569 658 2615 vero
670 2550 711 2613 de
720 2551 982 2614 naviaerrientes
992 2549 1301 2614 comitisGisnenais

350 2673 392 2715 ex
408 2652 559 2716 mandato
575 2653 656 2737 ejus,
670 2664 860 2737 procurante
876 2653 1046 2738 Emulpho
1057 2658 1176 2735 nepote
1188 2651 1300 2736 ipsius,

345 2753 520 2817 honorifice
548 2766 771 2838 susceperunt,
792 2762 828 2817 et
855 2755 937 2818 mihi
955 2764 991 2817 et
1010 2754 1089 2817 meis
1111 2753 1243 2818 domum
1265 2762 1299 2818 ot

347 2865 461 2919 terram
476 2856 604 2919 comitis
618 2877 676 2940 pro
691 2867 795 2919 vestra
809 2856 984 2920 reverentia
998 2855 1299 2940 exponentes,libo·

346 2978 413 3019 rum
438 2959 478 3019 ab
500 2956 588 3018 orani
610 2955 852 3020 consuetudinis
875 2979 970 3021 onere
993 2957 1211 3040 perduxerunt
1232 2956 1297 3021 t'ere

346 3078 448 3140 usque
461 3056 501 3119 ad
514 3069 657 3119 sanctum
670 3057 898 3120 Andomarum.
931 3060 1005 3131 Quo
1017 3079 1116 3142 quum
1127 3057 1298 3137 venissem,

347 3169 537 3242 procurante
575 3157 716 3241 quodam
748 3160 892 3223 Massilia
924 3160 1096 3236 monacho,
1125 3158 1182 3242 qui
1211 3158 1298 3242 apud

346 3260 536 3339 Chilleharn,
548 3272 580 3324 et
593 3261 765 3345 Truiegam
781 3264 896 3327 morari
911 3259 1087 3338 consuerit,
1103 3262 1136 3325 in
1151 3261 1249 3325 domo
1262 3260 1297 3325 S.

346 3361 469 3425 Bertini
485 3362 702 3426 honestissime
724 3375 872 3446 receptus
892 3385 972 3427 sum.
1018 3364 1064 3427 Et
1085 3370 1229 3446 patenter
1248 3359 1297 3422 ia-

346 3464 467 3543 tellexi‚
481 3464 569 3549 quod
590 3466 728 3529 ecclesia
747 3467 802 3529 illa
824 3465 867 3528 ad
888 3465 1043 3527 honorem
1059 3460 1299 3527 Conwariensis

345 3566 492 3628 ecclesiae
506 3576 539 3628 et
554 3577 692 3628 restrum
717 3566 865 3649 exposita
886 3574 945 3627 est.
991 3564 1080 3626 Etsi
1102 3562 1298 3645 pissettana

344 3666 456 3728 conriti
478 3687 573 3749 quarn
600 3667 777 3738 monachis,
801 3667 909 3729 oblata
933 3664 1023 3727 vobis
1048 3663 1296 3748 opportunitate

346 3767 463 3848 gratias
476 3767 628 3831 referatis.
666 3766 796 3830 Exinde
812 3785 911 3851 quum
925 3766 1083 3829 venissem
1098 3766 1297 3844 Atrebatum,

344 3866 496 3929 comitem
518 3867 706 3950 Philippum
721 3865 807 3951 apud
821 3868 999 3931 Exclasam
1016 3866 1175 3944 Castrum,
1190 3888 1211 3930 a
1231 3887 1298 3950 quc

346 3978 498 4049 tyrannus
514 3967 670 4050 Yprensis
685 3979 749 4030 tam
764 3967 862 4049 longa
876 3967 1046 4031 obsidione
1066 3968 1218 4031 exclusus
1239 3978 1299 4045 est,

344 4089 416 4132 esse
435 4068 554 4133 audiri.
599 4070 683 4132 Illuc
699 4069 807 4158 itaque
831 4066 1000 4146 divertens,
1017 4068 1158 4131 Domino
1176 4068 1298 4131 miseri·

345 4171 481 4235 corditer
494 4173 553 4236 iter
564 4192 672 4234 meum
683 4171 718 4234 in
729 4170 880 4233 omnihus
894 4179 1112 4253 prosperante,
1124 4189 1191 4231 non
1201 4169 1298 4251 longe

345 4283 476 4336 astrata
489 4273 623 4356 publica
637 4272 767 4335 obvium
782 4270 880 4333 habui
897 4291 993 4354 quem
1014 4272 1206 4353 quaerebam.
1252 4270 1299 4334 Ut

344 4372 429 4433 enim
441 4394 530 4435 more
544 4372 691 4448 divitum,
702 4391 784 4455 quos
795 4372 937 4435 obiectat
950 4371 1012 4435 hoc
1028 4371 1172 4453 nugandi
1183 4391 1298 4453 genna,

346 4475 379 4535 in
406 4475 519 4537 avibus
543 4476 618 4538 ooeli
642 4474 779 4549 luderet,
800 4474 927 4550 dumos,
949 4486 1076 4555 stagna,
1097 4473 1243 4559 paludes,
1262 4484 1299 4540 st

346 4576 556 4658 scamrigines
584 4576 717 4639 fontium
745 4596 918 4659 peragrans
943 4576 1110 4640 circuibat
1159 4576 1298 4641 Gavisus

346 4688 395 4740 est
424 4699 459 4741 se
485 4674 644 4741 invenisse
675 4677 849 4753 hominem,
875 4699 895 4740 a
925 4699 988 4762 quo
1012 4677 1149 4742 fideliter
1174 4678 1300 4742 audiret

345 4777 470 4859 Angliae
485 4787 612 4841 statum.
658 4778 702 4839 Et
723 4798 782 4859 ego
805 4778 919 4859 magis,
933 4779 1008 4863 qnia
1022 4800 1095 4843 eum
1108 4779 1190 4843 mihi
1208 4780 1299 4843 Deus

346 4881 512 4944 obsiderat.
552 4882 602 4943 ita
616 4890 651 4943 ut
663 4880 730 4943 sine
742 4880 842 4943 multo
854 4880 913 4944 viee
928 4880 1099 4965 dispendio
1112 4880 1296 4947 mandatum
