3300 6434
408 1234 470 1292 204
672 1245 807 1290 scaurus
824 1245 1101 1292 saansanarausrs
1268 1230 1315 1305 [a.
1331 1248 1362 1291 n.

428 1454 648 1518 EPISTOLA
672 1453 897 1517 exart—ln
913 1472 1110 1516 uamsramu
1127 1471 1337 1519 nuurarnuu

703 1574 790 1618 novr.
841 1554 885 1633 [u.
903 1574 934 1617 o.
953 1556 1061 1634 noa]

635 1691 794 1771 Mapr'stro
811 1689 984 1771 Hunsrido
1000 1690 1089 1754 Boot.

448 1820 474 1880 A
502 1835 664 1880 summme
691 1814 899 1899 quarendum
923 1837 994 1878 esse
1018 1818 1201 1896 consilinm,
1223 1820 1358 1903 scriptu·

404 1940 509 1982 rarum
525 1918 647 1982 monita
661 1917 791 1991 docent,
803 1929 836 1980 et
851 1916 949 1979 fidem
965 1920 1138 1981 amicorum
1154 1921 1186 1981 in
1202 1922 1358 2003 angustiis

407 2018 697 2104 comprobandam3
723 2030 755 2081 et
781 2040 846 2103 qua
877 2019 948 2103 quis
970 2041 1046 2100 erga
1071 2021 1169 2083 alium
1197 2034 1359 2085 moveatur

403 2121 583 2198 affectione,
596 2121 748 2184 articulus
759 2120 960 2184 necessitatis
969 2122 1140 2184 examinat
1166 2123 1274 2195 Quum
1285 2145 1357 2187 vero

403 2222 1356 2308 minusdubitodesapientiavestra,quamlitterarumcopia,

402 2338 471 2390 tum
493 2346 597 2388 rerum
620 2324 819 2407 experientia
840 2326 1057 2406 comparastis,
1080 2335 1158 2399 tum,
1182 2325 1269 2410 quod
1291 2328 1357 2411 pri·

402 2447 490 2490 mum
506 2424 765 2509 est,suscepistis
780 2446 822 2488 ex
846 2425 965 2505 gratia3
994 2447 1055 2488 nec
1079 2425 1119 2488 de
1135 2447 1173 2489 ea
1195 2427 1282 2511 apud
1298 2450 1355 2491 vos

403 2548 498 2612 quam
524 2538 636 2588 natura
661 2536 693 2586 et
720 2527 817 2586 virtus
844 2537 946 2587 vestre
973 2527 1082 2589 multis
1112 2529 1246 2610 probata
1276 2529 1354 2591 mihi

400 2629 604 2713 pollicentur,
620 2623 750 2688 caritate
773 2625 895 2688 diffido.
941 2627 1024 2690 Inde
1046 2639 1095 2691 est
1117 2629 1204 2712 quod
1226 2650 1246 2691 a
1261 2631 1352 2693 vobis

399 2731 433 2793 in
448 2728 545 2812 hujus
560 2748 639 2789 meae
654 2727 853 2789 necessitatis
876 2726 1012 2790 articulo
1034 2727 1201 2791 consilium
1225 2739 1351 2810 patena,

399 2852 512 2917 precor
533 2828 695 2903 attentius,
718 2828 869 2910 quatinus
890 2829 970 2891 mihi
996 2850 1052 2911 per
1074 2829 1230 2905 nuntium,
1252 2850 1348 2912 quem

399 2932 440 2996 ad
470 2930 634 2994 dominum
664 2928 873 2991 Baiocensem
901 2928 1015 3005 direxi,
1042 2950 1138 3013 super
1166 2941 1250 2994 statu
1279 2950 1351 2993 meo

398 3032 592 3106 rescribatis,
604 3029 691 3114 quod
708 3029 796 3092 salva
810 3030 978 3093 honestate
994 3031 1063 3093 sine
1079 3052 1143 3115 qua
1157 3032 1236 3093 nihil
1252 3052 1349 3114 expe·

397 3134 489 3198 diens
499 3133 642 3208 arbitror,
653 3130 792 3193 maxime
807 3129 969 3194 videbitur
982 3132 1146 3214 expedire.
1189 3134 1232 3196 Ut
1242 3142 1348 3195 autem

397 3237 438 3300 de
452 3233 587 3298 consilio
599 3230 707 3294 dando
721 3230 848 3311 plenius
859 3232 1070 3309 instruamini,
1082 3253 1179 3295 causa
1193 3254 1266 3296 mea
1276 3233 1346 3295 hae

396 3346 454 3399 est.

436 3435 594 3499 Ecclesia·
624 3444 656 3496 et
685 3432 928 3516 archiepiscopo
954 3433 1175 3498 Cantuariensi
1205 3434 1343 3498 debitam

394 3538 514 3601 servavi
530 3534 638 3614 fidem,
652 3543 685 3597 et
699 3534 728 3597 ei
743 3535 798 3597 ubi
815 3534 943 3618 justitia
965 3547 997 3599 et
1021 3535 1175 3599 modestia
1188 3534 1342 3599 videban-

393 3652 443 3701 tur
468 3637 590 3713 adesse,
612 3647 643 3700 et
668 3638 701 3699 in
730 3637 855 3719 Anglia,
882 3638 971 3699 etin
998 3639 1141 3722 partibus
1166 3638 1343 3701 cismarinis

393 3739 528 3801 fideliter
543 3739 637 3800 astiti.
683 3738 794 3802 Sicubi
811 3759 884 3800 vero
899 3753 954 3801 aut
968 3741 1149 3804 exorbitare
1172 3762 1191 3803 a
1207 3740 1342 3824 justitia,

390 3850 444 3903 ant
465 3836 595 3899 modum
618 3836 773 3900 excedere
791 3839 967 3918 videbatur,
984 3842 1085 3904 restiti
1107 3843 1137 3904 ei
1160 3843 1191 3904 in
1215 3842 1341 3906 faciem.

388 3944 514 4006 Horum
531 3938 610 4002 mihi
627 3940 715 4001 Deus
731 3942 820 4003 testis
837 3954 895 4019 est,
911 3953 943 4005 et
958 3943 1165 4013 conscientia,
1181 3954 1213 4004 et
1235 3942 1340 4018 amici,

386 4052 420 4106 et
441 4040 531 4116 socii,
554 4040 609 4121 qui
632 4040 801 4102 nobiscum
824 4042 937 4105 versati
963 4052 1045 4103 sunt.
1091 4042 1130 4102 In
1156 4040 1207 4103 his
1232 4052 1338 4102 autem

387 4144 537 4208 omnibus
559 4154 669 4204 contra
690 4139 844 4203 honorem
867 4143 1000 4206 domiuo
1023 4140 1089 4221 regi
1111 4139 1266 4216 debitum,
1285 4149 1340 4202 aut

386 4247 567 4320 utilitatem,
597 4264 640 4305 ex
677 4243 842 4325 proposito
872 4244 952 4306 nihil
982 4242 1056 4316 feci,
1086 4241 1169 4304 sicut
1198 4240 1340 4303 dictante

380 4347 507 4432 justitia
522 4344 639 4407 docere
651 4357 779 4427 paratus
791 4366 872 4421 sum,
882 4346 909 4407 si
921 4347 1058 4408 liberum
1071 4356 1103 4407 et
1112 4353 1217 4405 tutum
1229 4343 1340 4405 suerit:

385 4461 440 4512 aut
454 4448 481 4511 si
497 4450 530 4510 in
546 4447 654 4528 aliquo
669 4445 828 4508 invenirer
843 4448 1015 4524 obnoxius,
1030 4445 1193 4525 condigne
1214 4457 1247 4507 et
1269 4443 1338 4506 ani·

384 4571 436 4612 mo
451 4549 564 4613 libenti
584 4548 786 4610 satisfaciam.
832 4548 1017 4610 Tractatum
1039 4560 1088 4610 est
1109 4546 1171 4609 hoc
1188 4566 1273 4608 anno
1296 4545 1336 4607 de

383 4672 463 4733 pace
485 4672 567 4723 mea,
591 4661 623 4711 ct
648 4651 812 4711 obtentum
837 4658 886 4711 est
911 4672 930 4710 a
955 4671 1039 4730 rege,
1062 4660 1098 4711 ut
1122 4648 1200 4710 mihi
1226 4648 1336 4710 liceret

380 4748 493 4820 redire,
520 4750 546 4810 si
572 4750 663 4811 tactis
689 4749 808 4810 sanctis
828 4747 936 4829 jurare
960 4749 1086 4825 vellem,
1108 4744 1197 4831 quod
1223 4758 1334 4809 contra

379 4846 532 4906 honorem
556 4848 603 4908 vel
628 4848 797 4910 utilitatem
821 4847 891 4929 ejus
913 4869 978 4909 non
996 4847 1110 4910 fuerim
1132 4848 1165 4909 in
1187 4846 1330 4931 partibus
