3300 6434
275 1240 469 1321 lton-614
658 1257 834 1304 nrrsrorre.
1188 1245 1230 1305 65

270 1405 364 1469 beato
378 1406 537 1489 Eugenio,
546 1406 685 1492 quando,
698 1406 802 1490 prima
813 1405 972 1492 legatione
986 1408 1080 1473 missa
1091 1410 1123 1473 in
1136 1409 1225 1494 regni

269 1504 317 1569 sui
330 1506 431 1584 initio,
443 1507 523 1571 tanti
533 1507 601 1571 ausi
612 1506 845 1592 impudentiam
858 1520 964 1572 tumor
973 1508 1181 1575 intolerabilis
1193 1524 1227 1576 et

267 1606 378 1691 lingua
402 1608 531 1673 incauta
556 1609 686 1673 detexit.
720 1608 933 1674 Promittebat
958 1610 1044 1673 enim
1070 1633 1104 1676 se
1128 1612 1226 1676 totius

269 1707 354 1772 orbis
374 1710 619 1774 reformaturum
644 1710 824 1794 imperium,
845 1723 879 1774 et
900 1709 972 1774 urbi
990 1711 1223 1796 subjiciendum

268 1808 390 1884 orbem,
421 1821 602 1897 eventuque
639 1810 724 1875 facili
756 1811 865 1876 omnia
895 1811 1113 1889 subacturum,
1139 1814 1165 1878 si
1194 1814 1225 1878 ei

268 1908 309 1972 ad
332 1911 392 1974 hoc
414 1909 509 1974 solius
538 1910 676 1975 Romani
699 1912 858 1997 pontificis
880 1912 968 1978 favor
994 1913 1128 1979 adesset.
1183 1915 1223 1979 ld

268 2009 355 2072 enim
367 2016 492 2094 agebat,
504 2022 540 2076 ut
549 2011 582 2075 in
593 2033 831 2098 quemcumque
840 2013 1040 2077 denuncietis
1049 2014 1224 2080 inimicitiis

269 2112 467 2177 materialem
487 2113 629 2197 gladium
649 2113 831 2199 Imperator,
847 2114 880 2177 in
898 2114 1037 2179 eundem
1059 2114 1224 2181 Romanus

268 2213 410 2297 pontifex
432 2215 629 2300 spiritualem
650 2215 792 2299 gladium
813 2228 968 2280 exereret.
1007 2218 1079 2280 Non
1101 2217 1224 2282 invenit

268 2314 372 2379 adhuc
388 2316 443 2403 qui
459 2328 557 2381 tantae
568 2317 762 2381 consentiret
776 2316 950 2404 iniquitati,
961 2317 1094 2403 ipsoque
1109 2340 1224 2404 repug-

268 2427 365 2479 nante
394 2422 518 2503 Moyse,
541 2418 561 2481 i.
577 2440 605 2482 e.
629 2417 866 2482 contradicente
893 2417 964 2501 lege
991 2416 1136 2497 Domini,
1160 2419 1222 2482 Ba-

266 2515 429 2581 laamitam
439 2517 499 2583 sibi
511 2517 621 2583 ascivit
630 2517 825 2604 pontificem,
839 2539 1001 2605 perquem
1017 2517 1222 2585 malediceret

267 2617 385 2704 populo
416 2619 558 2684 Domini.
597 2619 717 2684 Filium
749 2620 858 2706 itaque
889 2618 1133 2696 maledictionis,
1165 2643 1223 2707 per

268 2721 359 2807 cujus
383 2722 636 2806 designationem
663 2738 696 2786 et
727 2721 994 2808 expectationem,
1017 2745 1076 2810 per
1106 2723 1223 2789 multas

266 2825 487 2907 successiones,
502 2848 522 2890 a
539 2824 649 2910 primis
669 2824 799 2889 lamiliae
819 2826 962 2910 patribus
981 2826 1024 2890 ad
1037 2826 1152 2911 ipsum,
1169 2827 1221 2891 cui

267 2928 497 3008 reservabatur,
512 2927 675 2992 maledicti
690 2927 865 2993 derivatum
886 2938 935 2991 ost
949 2939 983 2992 ct
997 2950 1174 3012 cognomen
1189 2944 1223 2995 et

269 3050 395 3094 nornen.
440 3032 486 3093 Et
514 3028 594 3093 forte
621 3028 661 3092 ad
687 3028 907 3113 purgationem
939 3040 973 3093 et
1002 3030 1221 3115 probationem

267 3129 410 3194 ecclesiae
435 3130 603 3209 Romanae,
619 3129 871 3194 Teutonicorum
894 3131 1044 3215 impetus,
1068 3143 1221 3219 tauquam

268 3231 437 3296 Cananeus
450 3230 541 3311 alter,
553 3231 681 3296 relictus
696 3243 744 3295 est
758 3231 790 3295 in
806 3242 976 3311 aetemum,
992 3244 1028 3296 ut
1042 3255 1167 3320 semper
1181 3235 1221 3300 ad

267 3332 477 3398 eruditionem
497 3332 598 3418 ipsam
618 3333 784 3421 inquietet,
803 3333 967 3421 victusque
986 3348 1123 3413 corruat,
1140 3336 1221 3420 ipsa-

267 3456 329 3520 que
349 3434 469 3513 fortior,
484 3435 603 3519 gratior
622 3446 655 3499 et
673 3434 839 3521 gloriosior
854 3436 967 3519 Sponsi
989 3435 1141 3499 reddatur
1153 3458 1222 3499 am·

267 3536 411 3621 plexibus
433 3549 503 3623 post
524 3536 731 3621 triumphum.
778 3536 831 3601 Sic
857 3537 897 3599 ad
919 3535 1053 3619 gloriam
1081 3547 1218 3621 patrum,

265 3649 346 3702 teste
362 3638 568 3703 Laterauensi
582 3636 711 3723 palatio,
722 3636 777 3701 ubi
793 3635 853 3699 hoc
867 3636 1079 3702 invisibilibus
1089 3638 1221 3723 picturis

267 3749 300 3802 et
321 3737 393 3801 laici
415 3738 536 3822 legunt,
552 3737 593 3800 ad
614 3735 747 3820 gloriam
770 3747 908 3821 patrum,
923 3737 1125 3817 schismatici,
1140 3762 1220 3827 quos

265 3840 414 3904 secularis
428 3849 565 3927 potestas
579 3838 717 3917 intrusit,
729 3839 847 3904 dantur
860 3840 1065 3926 pontificibus
1079 3863 1136 3929 pro
1151 3865 1220 3908 sca·

262 3940 359 4022 bello,
371 3952 405 4005 et
418 3962 527 4006 eorum
544 3940 730 4005 memoriam
746 3941 892 4006 recolunt
902 3942 1019 4028 posteri
1035 3965 1092 4028 pro
1107 3944 1219 4009 trium-

263 4043 338 4140 phq.
363 4044 483 4108 Libera
494 4042 614 4107 debent
625 4064 692 4107 esse
703 4043 835 4127 judicia,
850 4055 883 4108 et
897 4044 1039 4131 quisquis
1050 4067 1088 4108 ea
1099 4045 1218 4111 viribus

261 4142 375 4210 nititur
389 4145 585 4232 perturbare,
596 4144 764 4231 capitalem
780 4146 821 4211 ab
834 4146 973 4233 antiquis
987 4146 1219 4212 constitutioni·

265 4245 324 4311 bus
338 4260 480 4312 meretur
497 4268 635 4331 poeuam.
661 4246 760 4312 Porro
782 4247 994 4311 ecclesiastica
1008 4247 1128 4315 debent
1149 4272 1216 4315 esse

263 4346 436 4425 liberrima,
460 4347 555 4411 etde
577 4368 736 4411 sacrorum
760 4370 918 4412 canonum
940 4349 1112 4427 sanctione,
1135 4350 1217 4417 sicut

262 4449 376 4513 electio
391 4448 523 4536 pastoris
534 4459 582 4511 est
595 4448 628 4509 in
644 4447 777 4512 ecclesia
792 4448 902 4527 libere,
914 4462 948 4513 et
961 4450 1029 4514 sine
1045 4451 1216 4517 mundanae

264 4551 427 4634 potestatis
453 4546 736 4634 praenominatione
758 4546 958 4625 celebranda,
980 4548 1024 4612 sic
1046 4549 1159 4614 eadem
1182 4552 1215 4616 in

262 4650 396 4715 ecclesia
417 4674 436 4715 a
452 4650 615 4737 judicibus
637 4649 867 4726 ecclesiasticis,
884 4648 998 4714 amotis
1020 4649 1214 4717 secularibus

261 4752 518 4840 terribilibusque
533 4752 684 4839 personis,
696 4752 872 4817 secuudum
888 4752 1012 4837 regulas
1026 4752 1213 4820 ecclesiasti·

263 4876 315 4917 cas
326 4854 537 4920 examinanda
547 4862 610 4917 est:
635 4852 786 4940 quicquid
798 4876 873 4917 vero
884 4865 993 4947 coptra
1003 4856 1215 4939 praesumitur,

307 4976 377 5021 von.
402 4979 424 5022 1.
743 4976 761 5019 r
