3300 6434
349 1250 454 1329 tice]
731 1264 908 1311 sorssors.
1230 1256 1291 1314 251

351 1541 571 1607 EPISTOLA
596 1541 784 1605 CLX—an
798 1558 879 1604 uas.
895 1559 990 1606 usur.
1007 1560 1050 1605 ns
1067 1561 1092 1605 s.
1109 1560 1282 1607 sanusne.

705 1644 751 1720 [a.
769 1659 800 1704 n.
819 1644 931 1720 1166]

463 1790 623 1873 Manistro
639 1790 801 1874 Gaufis'do
814 1792 854 1854 de
867 1799 978 1854 sancto
991 1790 1177 1867 Edmundo.

388 1923 536 1999 Pascua,
549 1923 823 2001 reverendissima,
839 1936 875 1986 ut
888 1924 1080 1987 innocentia·
1095 1945 1176 1988 meae
1190 1934 1296 2007 patro-

346 2023 464 2086 cinium
490 2035 622 2105 prestes
646 2022 807 2100 adversus,
821 2025 871 2086 vel
895 2022 981 2107 apud
1005 2022 1090 2098 illos,
1105 2023 1191 2106 apud
1215 2017 1297 2108 quos

345 2126 417 2187 Deo
432 2132 509 2186 teste
529 2123 627 2205 gratis
649 2124 853 2206 periclitatur,
868 2136 900 2187 et
922 2123 1008 2206 apud
1033 2144 1115 2206 quos
1138 2124 1295 2207 meipsum

343 2243 438 2306 posse
469 2234 618 2306 praestare
657 2224 870 2307 patrocinium
899 2224 1154 2287 efficacissimum
1193 2224 1294 2287 confi·

344 2323 471 2400 dabam,
485 2336 517 2386 et
531 2322 636 2386 adbuc
652 2322 780 2407 quidam
796 2345 860 2387 non
877 2322 997 2400 diffido,
1012 2323 1039 2386 si
1055 2336 1161 2387 tamen
1182 2324 1296 2389 amieis

344 2424 514 2486 nostriset
539 2421 677 2487 dominis
691 2424 808 2487 veritas
833 2424 1015 2487 innotuerit.
1059 2424 1167 2488 Causa
1189 2433 1296 2490 autem

344 2525 413 2588 haec
443 2536 503 2587 est.
561 2524 751 2606 suggestum
783 2536 833 2589 est
862 2525 994 2589 domino
1024 2526 1233 2604 Nornicensi,
1261 2536 1295 2591 et

345 2626 500 2706 Magistro
515 2625 651 2688 Nicolao
668 2646 719 2689 me
734 2646 753 2688 a
778 2625 915 2688 Senoais
929 2626 1094 2709 scripsisse
1118 2626 1295 2692 Benedicto

344 2726 384 2789 de
397 2725 597 2807 bedigeham
607 2726 728 2789 litteras
740 2726 892 2790 adversus
904 2727 1058 2790 bonorem
1069 2739 1101 2791 et
1115 2728 1296 2808 utilitatem,

342 2839 375 2890 et
400 2848 511 2910 pacem
538 2840 570 2890 et
594 2828 796 2891 securitatem
821 2849 941 2906 eorum,
968 2850 1048 2913 quas
1062 2815 1204 2912 ¹quidem
1229 2850 1295 2894 nou

343 2948 469 3008 possem
491 2927 628 2990 scribare
652 2928 719 2991 sine
741 2926 912 3009 dispendio
936 2929 1143 2992 conscientias
1169 2942 1201 2992 et
1221 2938 1295 2995 vots

345 3025 521 3106 proditoris.
566 3026 777 3108 Exscriptum
792 3047 900 3090 earum
919 3027 998 3089 mihi
1013 3030 1188 3091 transmisit
1203 3032 1296 3095 frater

345 3145 446 3203 meus,
470 3135 504 3187 at
528 3147 587 3205 ego
613 3126 737 3189 remitto
769 3127 837 3189 tibi.
892 3128 1066 3190 Dominum
1091 3128 1126 3190 ia
1156 3129 1294 3194 animam

344 3247 447 3290 meam
464 3226 607 3311 judicem
624 3238 655 3291 et
675 3236 788 3291 testem
812 3227 940 3303 invoco,
956 3230 1033 3312 quia
1055 3250 1115 3293 uec
1139 3250 1201 3311 ego
1223 3231 1296 3298 illas

345 3328 469 3411 scripsi,
491 3348 551 3391 nec
577 3338 625 3391 est
646 3327 679 3390 in
704 3328 904 3393 conscientia
929 3350 1000 3393 mea
1025 3330 1098 3412 quis
1123 3332 1295 3413 scripserit

344 3427 421 3493 Plus
446 3431 520 3494 dico
550 3430 610 3492 sub
639 3428 752 3492 eadem
782 3429 980 3512 adjuratione
1006 3430 1192 3501 testificans,
1219 3432 1295 3513 quia

344 3552 449 3615 neque
473 3530 680 3593 demandato
702 3529 810 3605 modo,
824 3549 931 3611 neque
955 3528 995 3591 de
1019 3529 1216 3593 conscientia
1238 3542 1296 3595 aut

346 3630 517 3707 voluntate,
547 3641 602 3691 aut
629 3629 855 3700 ratihabitione
889 3638 1056 3711 conceptae
1085 3639 1140 3692 aut
1168 3632 1295 3715 scriptae

345 3740 428 3794 sunt.
466 3729 580 3792 Adbuc
596 3728 734 3811 amplius
748 3728 870 3792 dicam:
885 3728 932 3792 ita
947 3729 1037 3792 Deus
1052 3728 1182 3795 reducat
1195 3753 1247 3796 ma
1261 3733 1294 3796 in

346 3840 458 3893 terram
474 3829 651 3893 nativitatis
675 3849 765 3903 mera,
781 3838 814 3892 et
838 3838 893 3892 tuo
908 3840 942 3894 et
964 3830 1095 3895 aliorum
1120 3833 1295 3898 amicorum

348 3929 506 3993 concedat
521 3928 580 3991 imi
596 3927 674 4005 visu,
686 3938 720 3992 et
733 3928 884 4013 alloquio,
899 3930 983 3994 sicut
997 3952 1172 4015 numquam
1186 3935 1219 3996 in
1231 3935 1298 3999 vita

344 4052 416 4094 mea
424 4031 492 4115 jam
509 4030 597 4093 dicto
613 4029 802 4109 Benedicto,
813 4042 850 4094 ut
861 4052 903 4094 ex
914 4033 1088 4095 certissima
1098 4034 1297 4098 conscientia

345 4135 470 4216 loquor,
484 4133 534 4195 vel
556 4130 634 4196 istas
649 4133 699 4195 vel
714 4133 793 4196 alias
813 4133 1009 4195 meminerim
1025 4132 1145 4195 litteras
1160 4132 1297 4197 misisse.

345 4232 472 4315 Adjieio
487 4232 528 4296 ad
544 4232 612 4295 hac
629 4234 704 4315 quia
719 4253 817 4315 quum
833 4232 926 4313 potui
937 4251 989 4292 me
1000 4250 1058 4311 pro
1074 4231 1210 4294 Nicolao
1220 4233 1296 4299 tntis

346 4331 463 4394 viribus
479 4330 658 4394 Benedicta
673 4331 824 4413 opposui.
869 4331 933 4394 sed
948 4332 1081 4394 fortasse
1099 4331 1296 4397 Benedictus

344 4431 414 4514 ipse
428 4452 478 4493 me
492 4430 665 4493 litterarum
681 4430 822 4493 laudavit
838 4442 1010 4494 auctorem.
1046 4432 1211 4515 Numquid
1227 4456 1294 4499 var·

344 4535 387 4595 bo
403 4530 472 4614 ejus
494 4528 583 4592 credi
606 4529 729 4607 debuit,
743 4529 799 4612 qui
824 4530 907 4592 sicut
932 4530 1010 4592 mihi
1034 4529 1213 4594 adversario
1236 4555 1294 4599 suo

307 4639 315 4648 ’
345 4632 478 4713 gratiam
499 4628 663 4692 detrahere
687 4628 809 4693 studuit
832 4630 1016 4704 amicorum,
1036 4630 1081 4693 ita
1104 4631 1168 4694 illis
1190 4654 1294 4699 meum

346 4731 490 4796 subtrahi
506 4726 707 4793 desiderabat
722 4729 932 4812 obsequium?
966 4731 1085 4814 Utique
1104 4731 1220 4796 callide
1234 4735 1294 4799 cir·

346 4831 507 4896 cumvenit
533 4828 679 4893 credulos
705 4829 812 4893 hostes
840 4850 926 4907 suos,
952 4842 986 4894 ut
1013 4832 1173 4896 literarum
1198 4834 1295 4901 falsus
