3300 6434
360 1242 472 1316 ileu]
741 1255 920 1300 uprsrora.
1245 1225 1307 1302 275

353 1404 483 1468 exhibui
504 1414 537 1469 et
560 1405 722 1483 devotum,
741 1425 833 1490 spero
856 1404 942 1489 quod
966 1402 1043 1466 mihi
1068 1404 1305 1489 compatiemini

352 1517 421 1569 tum
433 1528 490 1591 pro
501 1505 681 1570 sinceritate
693 1526 808 1585 causoe,
819 1514 888 1567 tum
904 1525 961 1589 pro
973 1501 1139 1568 affectione
1150 1525 1303 1589 personae.

354 1607 467 1694 Itaque
483 1607 665 1694 paternitati
678 1619 791 1672 vestrae
803 1607 954 1672 attentius
969 1607 1159 1671 commendo
1172 1607 1303 1671 fratrem

352 1712 471 1790 riieum,
482 1711 538 1796 qui
553 1710 653 1793 magis
667 1710 708 1772 de
723 1710 829 1773 aliena
841 1708 1014 1788 voluntate,
1025 1718 1121 1794 quam
1137 1709 1303 1773 demerito

351 1833 409 1876 suo
423 1811 515 1875 bonis
530 1811 594 1875 suis
616 1811 807 1896 proscriptus
822 1822 879 1877 est.
926 1809 996 1873 Nec
1011 1810 1098 1874 enim
1114 1810 1202 1875 vobis
1216 1833 1304 1875 com·

351 1913 549 1994 mandarem,
564 1912 624 1976 nisi
639 1912 715 1999 quia
729 1912 850 1976 demini
871 1911 954 1996 regis
976 1933 1088 1997 pacem
1104 1911 1212 1990 habet,
1227 1911 1303 1977 iicet

350 2013 478 2099 plenam
494 2014 627 2097 gratiam
641 2012 783 2077 nondum
796 2012 929 2098 adeptus
941 2011 993 2091 sit,
1004 2023 1037 2076 et
1051 2015 1127 2097 quia
1141 2012 1301 2077 redituum

350 2138 494 2180 meorum
511 2115 647 2179 inhibita
669 2126 717 2179 est
738 2114 863 2189 solutio,
880 2126 915 2179 ut
938 2126 1001 2178 tres
1016 2136 1137 2178 marcas
1159 2114 1200 2178 de
1222 2136 1303 2200 proe-

350 2217 432 2282 senti
448 2218 528 2281 festo
541 2214 642 2281 sancti
663 2215 795 2281 Joannis
815 2237 879 2280 non
895 2214 1031 2298 exigam,
1047 2237 1159 2299 precor
1181 2228 1217 2280 ut
1238 2226 1302 2281 tres

350 2340 473 2383 marces
488 2338 690 2404 quocumque
713 2316 843 2381 nomine
859 2315 1031 2397 volueritis,
1045 2316 1110 2381 sive
1125 2316 1158 2380 in
1174 2338 1301 2382 causam

351 2418 466 2498 mutui,
482 2419 548 2484 sive
567 2420 601 2483 in
621 2417 727 2502 aliam,
741 2418 783 2496 ei,
802 2418 830 2483 si
849 2417 964 2504 placet,
980 2417 1062 2485 tradi
1080 2418 1211 2496 faciatis,
1227 2420 1303 2507 quia

350 2522 411 2585 hoc
425 2521 576 2607 imputari
592 2543 654 2585 non
679 2520 806 2605 poterit,
822 2520 848 2584 si
864 2518 985 2584 homini
1007 2520 1169 2585 innocenti
1191 2533 1224 2586 et
1246 2520 1303 2586 bas

349 2624 438 2687 benti
455 2645 567 2710 pacem
583 2622 705 2687 domini
720 2622 803 2706 regis
818 2620 1033 2688 subveniatur.

347 2883 569 2947 EPISTOLA
591 2883 864 2947 CLXXIV.-an
877 2900 1033 2945 roauusu
1054 2895 1300 2946 rrcr'avmusarr

591 2998 791 3044 episcopum.
839 2982 884 3061 [a.
902 3000 934 3043 n.
954 2983 1063 3056 1166]

643 3111 783 3175 Domino
796 3112 1006 3174 Pictacienei.

391 3241 444 3301 An
457 3238 602 3301 notitiam
619 3251 753 3300 vestram
768 3238 903 3301 arbitror
917 3237 1098 3320 pervenisse
1121 3238 1209 3321 quod
1230 3238 1299 3304 Gir.

347 3340 593 3406 archidiaconus
618 3339 806 3404 Parisiensis
835 3334 1046 3402 amicissimus
1077 3339 1154 3401 mihi
1184 3351 1243 3416 est,
1268 3350 1300 3403 et

346 3464 405 3505 sno
420 3452 452 3504 et
469 3462 597 3505 suorum
620 3441 730 3503 merito
745 3439 1020 3515 familiarissimus,
1035 3439 1090 3522 qui
1113 3459 1211 3501 unum
1234 3458 1299 3503 ser·

347 3544 483 3607 rientem
514 3563 606 3605 suum
636 3535 817 3602 Jordanum
847 3540 987 3609 nomine,
1015 3539 1094 3601 meis
1125 3539 1212 3621 apud
1241 3562 1299 3605 ros

345 3644 496 3728 precibus
511 3640 671 3704 desiderat
684 3651 717 3702 et
727 3652 834 3721 sperat
849 3639 1035 3723 promoveri.
1072 3636 1183 3702 Abbas
1195 3644 1298 3706 sancti

346 3742 518 3819 Maxentii,
540 3751 574 3805 ut
596 3740 717 3817 asserit,
737 3740 767 3803 ei
790 3740 961 3823 pecuniam
983 3738 1089 3815 debet,
1109 3754 1140 3803 et
1161 3763 1234 3805 cum
1257 3765 1297 3806 eo

345 3845 451 3906 minus
473 3843 574 3906 amice
598 3850 749 3917 versatur,
770 3853 807 3904 ut
829 3838 953 3904 diffidat
978 3840 1018 3904 de
1044 3841 1107 3903 fide
1132 3841 1297 3926 debitoris,

344 3945 407 4007 nisi
434 3955 539 4007 vestra
562 3941 736 4026 paternitas
761 3964 834 4005 eum
864 3963 935 4006 esse
964 3942 1091 4006 fidelem
1121 3944 1219 4009 faciat
1247 3948 1296 4009 rel

344 4045 488 4107 invitum.
533 4043 648 4106 Precor
670 4061 744 4122 ergo
767 4042 917 4105 attentius
938 4053 973 4106 ut
991 4043 1036 4105 ita
1051 4032 1209 4126 justitiam
1233 4066 1297 4107 ser·

344 4144 458 4207 vientis
481 4141 704 4226 promoveatis,
729 4141 881 4223 quatinus
905 4142 1071 4223 praefatum
1098 4140 1297 4204 archidiacoa

343 4266 431 4321 num,
446 4245 537 4329 cujus
552 4242 822 4323 contemplatione
842 4241 900 4303 has
921 4261 1032 4322 preces
1054 4242 1189 4323 porrigo,
1206 4243 1296 4306 robis

343 4355 376 4406 et
395 4344 507 4406 vestris
529 4341 671 4404 reddatis
692 4340 880 4417 obnoxium,
897 4353 928 4403 et
949 4341 1088 4403 serviens
1109 4341 1188 4423 ejus,
1209 4344 1294 4426 quod

344 4444 406 4506 sibi
428 4441 570 4505 debitum
586 4462 655 4503 esse
669 4440 857 4518 constiterit,
872 4453 975 4504 vestra
994 4443 1223 4506 interveniente
1245 4446 1293 4507 di-

343 4544 484 4625 ligentia,
500 4544 528 4604 si
542 4542 696 4625 possibile
712 4552 772 4616 est,
787 4540 856 4604 sine
877 4540 1063 4605 difficultate
1082 4554 1297 4626 consequatur

344 4657 377 4706 Θῑ
393 4664 490 4706 mora.
