3300 6434
280 1265 392 1339 troo]
671 1281 849 1327 sersrocrs.
1168 1266 1231 1325 229

275 1434 385 1517 aliqua
399 1435 441 1498 ad
456 1433 564 1497 sedern
581 1433 800 1516 apostolicam,
814 1433 877 1495 nisi
896 1434 978 1515 regis
993 1446 1025 1495 et
1045 1433 1228 1496 officialium

277 1556 406 1598 suorum
422 1535 515 1597 venia
530 1536 708 1617 impetrata.
752 1535 851 1606 Qoon
866 1554 930 1596 non
946 1535 1042 1597 liceat
1059 1534 1231 1616 archiepis·

276 1656 372 1717 copo,
386 1635 438 1697 rel
452 1635 618 1717 episeopo,
633 1636 685 1697 vel
700 1634 771 1696 aliis
785 1633 931 1716 personis
945 1634 1053 1696 venire
1077 1633 1119 1697 ad
1134 1654 1231 1696 voca·

278 1737 399 1799 tionem
429 1735 549 1798 domini
579 1755 671 1819 papae
702 1736 823 1818 absque
852 1735 983 1799 licentia
1011 1734 1104 1816 regis.
1159 1734 1233 1797 Alia

278 1859 408 1922 quoque
423 1839 455 1898 in
472 1838 558 1900 hunc
574 1836 715 1916 modum,
731 1859 805 1921 quae
821 1835 940 1900 divinis
954 1836 1091 1919 legibus,
1105 1847 1139 1900 et
1155 1857 1232 1900 con·

279 1938 500 2002 stitutionibus
516 1950 698 2002 sanctorum
719 1950 844 2018 patrum
866 1937 1071 2000 inveniuntur
1092 1936 1232 2000 adversa.

280 2038 463 2120 Episcopos
479 2057 552 2099 vero
567 2057 678 2099 omnes
693 2037 832 2098 absolvit
855 2056 875 2098 a
898 2035 1120 2118 promissione,
1137 2056 1233 2119 quam

281 2139 322 2201 de
345 2140 465 2223 scripto
487 2139 543 2202 illo
564 2136 718 2201 servando
741 2149 852 2200 contra
876 2137 1105 2200 institutionem
1132 2139 1236 2201 eccle·

283 2241 442 2303 siasticam
474 2242 623 2303 fecerant.
684 2241 757 2303 Hoc
788 2240 884 2302 etiam
922 2260 981 2323 per
1014 2240 1133 2303 litteras
1162 2260 1236 2303 suas

282 2342 545 2425 archiepiscopis,
565 2354 597 2404 et
619 2341 781 2424 episcopis
804 2339 1014 2418 denuntiarit,
1035 2340 1121 2404 sicut
1140 2341 1169 2403 ei
1195 2342 1237 2404 ab

283 2444 421 2508 ecclesia
449 2445 598 2506 Romana
626 2445 808 2506 consultum
838 2443 950 2506 fuerat.
996 2443 1077 2506 Hac
1107 2441 1236 2526 quidem

285 2545 409 2608 interim
426 2545 525 2626 gessit
546 2543 810 2627 archiepiscopus
816 2564 826 2619 ;
855 2554 889 2607 et
902 2542 1094 2627 rex—quod
1112 2542 1154 2606 ad
1169 2565 1237 2608 res·

285 2659 365 2710 tram
395 2646 540 2710 notitiam
563 2646 687 2708 venisse
718 2666 783 2707 non
805 2645 1094 2727 ambigo,—rirum
1117 2647 1238 2709 bonum

286 2748 478 2828 Magistrum
505 2743 678 2809 Walterum
710 2745 751 2807 de
782 2747 894 2810 Insula
916 2746 1004 2808 misit
1030 2745 1064 2808 iu
1088 2747 1238 2829 Angliam

285 2871 360 2912 cum
389 2849 503 2911 litteris
532 2869 552 2910 a
581 2848 742 2929 colloquio
773 2846 984 2922 chinonensi,
1011 2859 1047 2910 ut
1075 2847 1240 2912 insulanos

285 2971 380 3033 super
406 2952 490 3012 saeta
520 2949 738 3032 appellatione
769 2949 984 3029 praemuniret,
1009 2959 1042 3012 et
1069 2962 1179 3033 portus
1208 2962 1242 3015 et

287 3051 435 3113 transitus
459 3051 576 3112 faceret
595 3048 782 3127 diligentius
804 3049 977 3127 observari,
995 3061 1030 3113 et
1053 3053 1174 3116 olerum
1198 3054 1241 3116 ab

289 3150 470 3213 obediendo
485 3149 706 3233 suspenderet,
717 3169 817 3230 quum
832 3161 939 3213 tamen
950 3151 1095 3214 nondum
1108 3153 1193 3216 facta
1202 3153 1244 3217 sit

289 3251 474 3336 appellatio,
499 3262 531 3314 et
558 3251 817 3334 archiepiscopus
845 3251 947 3334 possit
975 3252 1067 3317 facile
1096 3254 1242 3317 inveniri.

291 3355 362 3418 Nec
377 3353 490 3416 dubito
511 3353 588 3438 quin
611 3352 762 3436 praedicto
785 3353 941 3434 Magistro
957 3355 1102 3416 Waltero
1123 3355 1245 3417 machi·

291 3455 379 3518 natio
395 3454 456 3519 ista
475 3454 655 3537 displiceat,
670 3476 742 3516 cum
759 3453 909 3515 omnibus
924 3475 997 3536 quae
1011 3465 1247 3536 praesumuntur

292 3556 444 3618 adversus
469 3554 639 3617 ecclesiam
668 3553 743 3628 Dei,
767 3552 917 3635 quoniam
944 3554 1117 3617 Dominum
1144 3555 1246 3620 timet.

277 3655 419 3718 -Accivit
431 3655 524 3715 etiam
541 3652 581 3715 ad
597 3674 632 3715 se
648 3674 705 3715 rex
721 3652 886 3715 dominum
902 3652 1021 3719 Cicest.
1037 3668 1068 3718 et
1081 3656 1173 3736 alios,
1188 3679 1247 3742 per

292 3775 429 3838 qnorum
456 3753 667 3836 prudentiam,
690 3753 845 3817 malitiam
870 3755 996 3818 consilii
1019 3757 1071 3821 sui
1095 3757 1247 3825 adversus

294 3855 470 3918 Dominum
485 3875 581 3938 posse
595 3853 700 3918 credit
715 3852 849 3918 armari:
876 3855 933 3918 sed
948 3860 1101 3942 profecto,
1113 3862 1140 3924 si
1155 3883 1247 3946 sape-

292 3967 374 4034 rent,
388 3958 438 4019 vel
452 3956 514 4020 sibi
529 3964 563 4018 et
577 3957 643 4019 suis
658 3969 825 4040 parcerent
838 3958 874 4019 in
888 3957 950 4021 hac
967 3980 1076 4038 causa,
1091 3963 1242 4044 quoniam

469 4062 553 4114 Poena
565 4079 698 4116 reversum
710 4068 751 4117 est
762 4063 789 4115 in
800 4069 879 4135 caput
888 4064 941 4117 ista
951 4082 1035 4118 sunm.

295 4160 348 4222 De
363 4171 479 4223 caetero
494 4159 645 4223 dominus
665 4181 752 4244 papa
765 4161 798 4222 in
814 4161 894 4222 urbe
915 4174 1127 4244 prosperatur.
1174 4166 1250 4232 Cre·

294 4279 392 4321 mona
406 4269 518 4323 contra
531 4259 756 4322 Teutonicum
779 4280 853 4321 cum
874 4259 946 4323 aliis
968 4276 1043 4325 octo
1065 4265 1250 4333 civitatibus

295 4380 353 4441 pro
375 4372 463 4422 certo
486 4358 603 4422 dicitur
627 4359 790 4422 rebellare.
837 4355 1020 4444 Episcopus
1046 4365 1250 4435 Tusculanus

295 4471 329 4523 et
348 4458 553 4521 Humbaldus
567 4457 738 4522 cardinalis
754 4459 839 4523 diem
858 4462 1016 4526 obierunt.
1060 4467 1151 4529 Obiit
1170 4490 1250 4553 quo.

295 4582 358 4644 que
374 4558 563 4622 Willehnus
577 4580 634 4621 rex
654 4560 793 4637 Siculus,
808 4561 861 4624 cui
876 4577 1098 4629 successerunt
1119 4569 1179 4634 filii
1200 4574 1251 4637 sui

295 4662 375 4725 alter
390 4662 423 4723 in
439 4681 582 4742 regnum,
595 4661 675 4723 alter
688 4661 722 4722 in
738 4660 889 4727 ducatum
905 4664 1042 4747 Apuliae,
1054 4677 1087 4729 et
1100 4668 1133 4732 in
1149 4682 1252 4738 extre-

296 4762 357 4825 mis
379 4782 479 4842 agens
500 4763 536 4823 lx
559 4760 660 4826 millia
686 4763 868 4826 florinorum
893 4765 1012 4829 Joanui
1036 4768 1251 4853 Neapolitano

295 4861 379 4926 tradi
402 4861 478 4926 lecit
499 4859 541 4925 ad
569 4882 659 4926 usum
685 4861 805 4926 domini
836 4885 939 4948 papae.
995 4866 1096 4931 Filius
1122 4894 1251 4961 quoque
