3300 6434
349 1283 456 1361 noo]
731 1287 911 1343 unrsromu.
1231 1284 1294 1345 283

345 1452 525 1536 sapientum
548 1450 720 1513 sententias
746 1448 932 1530 exploretis,
957 1461 988 1511 et
1013 1450 1143 1525 Hervei,
1168 1449 1195 1511 si
1221 1470 1294 1513 eum

344 1552 472 1617 interim
488 1550 650 1615 reduxerit
670 1551 841 1628 Dominus,
861 1551 1005 1614 habeatis
1025 1552 1212 1614 consilium:
1237 1549 1295 1613 sed

346 1666 419 1716 ante
443 1652 551 1715 omnia
573 1651 765 1714 incumbatis
793 1652 954 1733 precibus,
977 1660 1010 1714 et
1034 1650 1105 1715 aliis
1131 1648 1296 1713 exercitiis

346 1754 469 1816 militiae
493 1752 692 1829 Christianae,
710 1762 741 1815 et
764 1772 900 1831 agonem
916 1763 1053 1814 vestrum
1076 1751 1183 1814 media
1205 1771 1295 1812 sanc·

348 1866 451 1917 torum
467 1854 695 1915 intercessione
707 1853 848 1915 Domino
860 1852 1103 1926 commendetis,
1114 1862 1146 1915 et
1162 1852 1207 1914 sic
1225 1871 1297 1932 pro·

348 1954 469 2018 cedatis
483 1952 525 2015 ad
539 1950 584 2030 id,
595 1953 751 2036 quicquid
761 1953 845 2014 villud
861 1954 912 2030 sit,
924 1953 1008 2036 quod
1025 1974 1083 2036 per
1096 1973 1215 2033 organa
1229 1972 1298 2025 sua,

349 2055 511 2136 sapientes
526 2064 558 2116 et
574 2053 686 2117 fideles
700 2053 787 2128 dico,
798 2052 944 2116 docuerit
958 2054 1096 2136 Spiritus
1112 2063 1251 2127 sanetus,
1265 2064 1298 2115 et

350 2154 437 2238 quod
453 2175 549 2217 causa
564 2165 667 2216 vestra
690 2153 868 2217 desiderat:
892 2154 988 2216 credo
1010 2153 1098 2238 quod
1113 2167 1145 2217 et
1160 2175 1216 2215 vos
1236 2152 1298 2234 ipsi

349 2255 476 2317 habetis
491 2254 646 2336 Spiritum
661 2255 802 2332 Domini,
816 2256 891 2338 quia
903 2256 958 2337 qui
971 2257 1074 2318 zelum
1087 2255 1175 2318 dedit
1188 2255 1298 2317 imme·

349 2356 421 2433 rito,
430 2357 513 2418 bene
524 2356 658 2418 merenti
669 2354 848 2418 credendus
857 2367 906 2418 est
915 2356 947 2417 iu
957 2356 1155 2422 necessitatis
1164 2355 1299 2418 articulo

351 2456 519 2518 consilium
539 2456 725 2518 ministrare.
772 2457 848 2517 Non
872 2477 947 2535 ergo
974 2457 1105 2533 suadeo,
1125 2465 1163 2519 ut
1185 2477 1299 2519 secun-

352 2555 427 2617 dum
450 2555 538 2638 quod
554 2557 734 2618 communis
748 2572 838 2638 pater
852 2568 961 2619 noster
975 2568 1007 2618 et
1023 2555 1171 2618 dominus
1194 2554 1300 2618 dicere

351 2667 570 2729 consueverat,
602 2657 769 2719 consilium
800 2656 886 2739 quod
915 2656 1076 2719 Dominus
1104 2657 1302 2739 inspiraverit

351 2756 441 2820 cordi
457 2768 570 2830 vestro,
588 2757 620 2819 in
643 2759 781 2839 caligula
800 2758 974 2840 reponatis,
988 2767 1021 2820 et
1040 2758 1173 2821 aliorum
1195 2758 1301 2820 miuus

350 2857 383 2919 in
400 2879 498 2921 causa
512 2868 616 2921 vestra
630 2859 828 2939 vigilantium
844 2859 1018 2941 praeferatis
1032 2858 1209 2942 opiniones

389 2957 466 3018 Post
476 2957 592 3018 festum
603 2958 690 3019 beati
703 2958 787 3019 Petri
803 2957 939 3040 dispono
951 2957 1069 3032 statim,
1082 2960 1154 3020 Deo
1163 2966 1303 3033 auctore,

352 3056 458 3118 venire
484 3055 615 3133 advos,
642 3069 673 3119 et
696 3068 772 3119 tune
798 3078 840 3119 ex
867 3068 979 3120 mutua
1004 3057 1175 3119 collatione
1202 3057 1302 3119 multa

353 3155 535 3219 adinvicem
550 3157 668 3219 clarere
691 3168 849 3239 poterunt,
866 3179 936 3240 quae
957 3157 1076 3239 pagina
1098 3177 1162 3218 nou
1186 3156 1303 3218 sufficit

352 3254 514 3339 expedire.
560 3256 647 3329 Quid
670 3257 797 3339 egeritis
819 3258 986 3335 Veziliaci,
1005 3258 1248 3341 archiepiscopo
1270 3268 1304 3319 et

353 3357 498 3420 ecclesiae
511 3356 661 3421 Remensi
677 3380 697 3421 a
710 3359 819 3422 multis
834 3359 948 3422 diebus
962 3359 1113 3435 innotuit,
1122 3380 1182 3422 nec
1198 3379 1302 3440 operte

353 3456 487 3540 pretium
500 3469 578 3539 puto
591 3458 752 3540 divulgata
765 3459 890 3522 referre.
928 3458 962 3520 si
975 3456 1147 3539 templariis
1162 3457 1304 3518 offensus

354 3572 412 3635 est,
433 3560 686 3623 dissimulatione
706 3559 861 3622 utendum
883 3559 1025 3636 arbitror,
1047 3558 1122 3642 quia
1142 3579 1205 3640 qua
1227 3557 1304 3619 faci·

354 3661 441 3722 litate
457 3655 637 3741 concipere,
652 3659 765 3721 eadem
786 3661 936 3721 aborsum
952 3660 1056 3722 facere
1078 3659 1247 3722 consuevi:
1272 3667 1304 3721 et

355 3780 453 3842 quum
474 3759 503 3820 ei
523 3758 603 3820 nihil
628 3758 772 3821 debeatis
794 3757 912 3835 adhuc,
934 3779 998 3821 non
1020 3758 1165 3834 consulo,
1187 3768 1223 3820 ut
1247 3780 1305 3821 vos

354 3859 515 3927 obnoxios
544 3859 590 3921 illi
621 3858 760 3922 reddatis
789 3860 822 3921 iu
854 3859 982 3923 talibus.
1032 3859 1084 3922 Ad
1113 3859 1195 3935 haec,
1221 3860 1248 3922 si
1274 3860 1304 3923 ei

355 3960 448 4023 suerit
474 3960 700 4043 supplicatum,
727 3960 948 4042 magnificabit
977 3960 1136 4045 injuriam,
1160 3961 1187 4023 si
1211 3961 1305 4023 dissi-

355 4061 520 4135 mulatum,
550 4061 646 4124 etiam
672 4061 699 4123 si
724 4083 787 4145 qua
813 4063 977 4144 praecessit
1001 4062 1128 4145 injuria,
1158 4060 1305 4124 dissimu-

354 4162 473 4227 latione
502 4162 618 4245 poterit
647 4164 787 4227 aboleri:
816 4165 869 4226 via
898 4175 1005 4225 autem
1035 4161 1305 4225 reconciliationis

355 4262 506 4325 facillima
521 4264 590 4337 erit,
598 4274 634 4325 ut
648 4263 682 4325 in
698 4264 806 4346 aliquo
822 4264 1011 4325 munusculo
1026 4262 1178 4343 capiatur.
1204 4260 1307 4324 Video

355 4373 465 4425 tamen
491 4364 675 4445 templarios
700 4363 733 4425 in
758 4363 846 4426 curia
875 4361 945 4445 ejus
970 4363 1109 4443 benigne
1140 4362 1249 4444 recipi,
1275 4372 1307 4426 et

356 4462 487 4543 negotia
512 4484 619 4525 eorum
646 4463 813 4527 commode
837 4462 991 4546 expediri.
1036 4466 1111 4546 Ipse
1133 4475 1239 4527 autem
1265 4464 1307 4528 ad

358 4563 484 4627 Claram
495 4566 607 4627 vallem
620 4566 781 4648 profectus
794 4578 852 4640 est,
862 4566 994 4644 accitus,
1004 4577 1039 4628 ut
1047 4566 1145 4642 aiunt,
1158 4587 1176 4627 a
1188 4565 1306 4649 majore

357 4676 444 4746 parte
461 4676 638 4728 conventus
654 4666 686 4727 iu
702 4668 827 4729 ruinam
843 4667 977 4728 abbatis.
1024 4666 1235 4744 Fromundus‚
1251 4670 1306 4752 qui

357 4766 417 4828 lroc
434 4767 492 4828 iter
507 4766 575 4848 ejus
596 4780 827 4847 procuraverat,
844 4768 923 4829 obiit
945 4767 1047 4849 pridie
1074 4768 1151 4830 Idus
1170 4770 1258 4847 Julii,
1275 4782 1308 4833 ct

357 4867 389 4946 in
408 4867 597 4929 monasterio
614 4868 723 4930 Sancti
741 4867 880 4947 Remigii
897 4868 1040 4949 sepultus
1056 4881 1112 4929 est.
