3300 6434
411 1247 473 1306 266
667 1258 804 1303 torulus
819 1257 1099 1305 ssassnsarsusrs
1270 1247 1316 1326 [A.
1336 1267 1366 1308 n.

410 1408 487 1474 tiam
514 1428 674 1473 sacrorum
698 1428 868 1484 canonum,
890 1418 947 1472 aut
968 1420 1055 1473 certe
1078 1410 1174 1495 ipsius
1196 1414 1366 1498 Evangelii

409 1509 586 1576 custodiam
604 1509 789 1594 juramento
807 1508 949 1595 praestito
963 1509 1131 1596 obligaret,
1146 1512 1206 1577 nisi
1222 1515 1303 1579 forte
1326 1538 1364 1580 eo

410 1614 513 1700 major
526 1610 567 1675 sit
581 1610 637 1697 qui
651 1632 718 1675 suae
730 1610 874 1681 conscius
885 1610 1090 1690 infirmitatis,
1103 1624 1137 1677 et
1149 1615 1237 1679 testis
1248 1628 1364 1687 nostrae

408 1712 607 1789 humilitatis,
637 1711 817 1787 confitetur,
848 1711 924 1798 quia
960 1713 993 1777 in
1031 1714 1140 1779 multis
1172 1717 1361 1782 offendimus

408 1837 527 1881 omnes.
575 1813 609 1879 Si
628 1814 669 1878 de
691 1812 999 1899 praeteritisagatur,
1015 1838 1079 1880 non
1098 1838 1192 1901 nego,
1208 1838 1261 1882 me
1277 1823 1362 1886 Cau·

407 1915 558 1982 tuariensi
578 1914 827 2001 archiepiscopo,
849 1915 932 1981 siout
957 1917 1089 1983 domino
1111 1932 1144 1984 et
1169 1920 1251 2005 patri
1278 1942 1362 1999 meo,

406 2019 552 2084 debitum
564 2017 758 2083 atderotuut
770 2017 954 2103 praestitisse
965 2019 1170 2108 obsequium:
1194 2034 1227 2087 et
1239 2023 1361 2088 utinam

406 2120 564 2187 efficacius
585 2119 812 2206 praestitissent,
827 2142 891 2185 -nec
906 2143 1047 2209 uuquam
1066 2123 1206 2191 Domino
1227 2125 1362 2211 propitio

405 2223 448 2288 ab
463 2223 523 2288 boc
545 2245 604 2309 pro
627 2243 830 2310 quacumque
853 2222 992 2290 utilitate
1014 2236 1048 2290 et
1069 2226 1188 2291 damno
1210 2227 1361 2303 deducar,

406 2333 443 2389 ut
467 2322 634 2390 dominum
664 2345 784 2402 meum,
811 2323 1008 2414 quicumque
1034 2326 1086 2405 sit,
1112 2327 1290 2413 abjurando
1311 2329 1361 2393 vel

403 2427 604 2514 abnegando,
619 2428 777 2493 maculem
799 2427 898 2493 vitam
922 2448 1040 2508 meam,
1061 2429 1161 2495 immo
1182 2442 1217 2495 at
1238 2453 1361 2496 memo·

404 2530 638 2596 riamnomiuis
651 2542 686 2596 et
699 2531 803 2616 gentis
817 2552 901 2595 meoe
915 2553 1023 2597 coram
1037 2535 1111 2598 Deo
1122 2544 1155 2597 et
1165 2531 1357 2599 hominibus.

427 2679 429 2684 -
448 2633 612 2699 Craterum
628 2632 743 2699 cicuta
764 2632 910 2718 pluribus
924 2633 1044 2719 accepi,
1061 2634 1121 2698 uisi
1136 2633 1206 2698 hoec
1221 2646 1255 2698 et
1276 2657 1359 2720 proe·

403 2733 490 2801 dicta
503 2734 627 2815 lacero,
647 2756 759 2822 pacem
785 2734 866 2800 mihi
893 2734 1057 2801 reformari
1078 2748 1135 2801 aut
1159 2735 1355 2821 impossibile

402 2848 458 2902 aut
486 2836 708 2901 difficillimum
731 2849 788 2903 est.
844 2837 898 2902 Ad
926 2837 987 2902 hoc
1015 2837 1123 2923 itaque
1152 2838 1306 2924 proficiat,
1330 2841 1355 2904 si

402 2938 517 3024 placet,
533 2938 698 3023 vigilantia
718 2939 840 3004 domiui
865 2938 1015 3025 episcopi,
1032 2950 1066 3003 et
1080 2951 1193 3015 vestra,
1208 2951 1246 3005 ut
1267 2941 1293 3004 si
1315 2941 1356 3005 de

402 3040 659 3106 reconciliatione
681 3063 755 3107 rnea
776 3053 885 3106 actum
908 3040 1015 3124 merit,
1033 3040 1156 3129 iniqua:
1179 3053 1212 3107 et
1235 3043 1358 3129 pericu·

400 3144 477 3209 losoe
491 3144 688 3210 conditiones
703 3151 928 3210 amoveanturz
951 3155 986 3209 et
999 3163 1061 3230 ego
1074 3144 1108 3209 in
1120 3145 1269 3210 omnibus
1284 3160 1357 3232 quae

400 3246 469 3311 sius
496 3246 638 3333 periculo
660 3246 770 3312 salutis
796 3259 831 3312 et
856 3247 951 3313 lamae
972 3246 1043 3312 lieri
1071 3258 1213 3334 possunt,
1235 3247 1356 3311 domini

400 3347 550 3436 episcopi,
566 3360 599 3415 et
613 3362 765 3427 vestrum,
781 3348 868 3440 qu'o'd
891 3325 933 3415 ab
954 3371 994 3414 eo
1009 3368 1072 3413 non
1094 3347 1264 3439 discrepat,
1278 3370 1354 3412 cou.

399 3448 505 3515 silium
528 3473 662 3539 sequar:
693 3449 749 3516 ssd
772 3451 833 3514 n'ec
855 3448 1011 3535 proficisci
1033 3447 1147 3539 sellem
1170 3448 1212 3512 ad
1233 3447 1354 3512 curiam

398 3549 510 3637 pacem
537 3553 687 3630 facturus,
713 3551 773 3617 nisi
799 3550 1001 3640 aliquatenus
1030 3550 1226 3637 praecognita
1251 3551 1353 3615 lorma

396 3653 475 3736 ejus.
513 3656 597 3719 Nam
609 3654 655 3719 rei
667 3643 831 3719 familiaris
841 3651 998 3741 angustia,
1010 3651 1354 3737 atnegotiatiolittera·

398 3769 480 3829 rum,
492 3776 566 3840 quoe
581 3755 658 3819 mihi
674 3755 821 3820 solatium
838 3753 966 3841 pariter,
978 3764 1012 3817 st
1026 3754 1202 3819 subsidium
1218 3755 1352 3840 praebet,

397 3871 457 3919 nec
472 3850 603 3940 magnos
617 3868 762 3942 sumptus
777 3856 893 3933 lacere,
905 3877 966 3920 nec
979 3855 1036 3920 diu
1051 3855 1163 3921 abesse
1178 3857 1352 3943 patiuntur.

399 3957 548 4023 Facultas
561 3958 647 4022 enim
670 3957 763 4022 solito
784 3958 886 4043 magis
901 3956 1007 4023 tenuis
1021 3968 1080 4038 est,
1093 3959 1150 4023 sed
1165 3981 1264 4023 onera
1286 3982 1350 4022 non

395 4061 593 4130 decrescunt.
642 4062 819 4128 Rarescunt
842 4074 950 4126 autern
972 4061 1100 4137 auxilia,
1116 4060 1176 4125 etei
1196 4061 1237 4125 ab
1260 4060 1352 4124 initio

395 4164 552 4230 rarissima
566 4165 695 4232 fuerint.
741 4165 779 4229 ln
799 4163 996 4254 proiectione
1011 4147 1119 4228 versus
1135 4161 1348 4246 Andagavim,

395 4261 428 4330 et
452 4265 659 4333 Paschalibus
681 4265 846 4356 colloquiis
869 4287 992 4350 regum,
1008 4262 1163 4330 tredecim
1181 4262 1277 4327 libras
1296 4285 1351 4326 ex·

394 4369 503 4454 pendi,
527 4384 560 4435 et
588 4369 667 4434 duas
688 4368 779 4432 amisi
804 4367 1017 4458 equitatums,
1042 4380 1078 4431 ut
1107 4365 1148 4430 de
1178 4363 1351 4444 laboribus,

393 4469 556 4549 molestiis,
568 4485 601 4537 et
615 4468 773 4536 curiarum
791 4470 895 4534 tediis
910 4479 1065 4550 taceatur,
1079 4468 1230 4556 quodque
1245 4466 1348 4551 magis

394 4569 493 4657 piget,
509 4585 624 4639 cuncta
640 4584 803 4640 cesserunt
817 4571 852 4636 in
867 4593 1002 4636 cassum.
1049 4572 1134 4636 Nam
1149 4569 1239 4634 labor
1257 4567 1352 4655 periit

392 4685 424 4738 et
446 4676 601 4763 impensa,
617 4698 677 4742 nec
692 4675 808 4742 vellem
831 4675 857 4739 si
880 4674 949 4739 fieri
971 4685 1078 4759 posset
1099 4672 1345 4759 occupationum

392 4763 427 4839 et
449 4770 553 4843 rerum
577 4779 698 4844 humile
723 4777 830 4845 subire
856 4777 1074 4863 dispendium.
1122 4777 1231 4840 Status
1256 4795 1348 4838 meus

393 4877 482 4942 vobis
497 4900 536 4943 ex
558 4893 647 4965 parte
668 4903 725 4966 per
740 4882 893 4947 nuncium
910 4880 1097 4946 innotescet.
1147 4879 1238 4943 ldem
1261 4878 1348 4943 enim
