3300 6434
392 1232 457 1289 202
658 1242 794 1287 scaurus
809 1238 1088 1286 sanssnsamusrs
1256 1223 1300 1306 [a.
1318 1244 1352 1289 u.

390 1394 467 1457 data
487 1392 635 1457 inducias
657 1414 757 1476 usque
780 1391 822 1455 ad
844 1391 961 1456 festum
984 1394 1018 1457 S.
1041 1394 1215 1457 Michaelis
1227 1418 1236 1471 ;
1258 1405 1350 1473 tunc,

390 1495 454 1558 uisi
466 1494 615 1558 domiuus
626 1514 712 1578 papa
721 1495 849 1557 interim
861 1496 982 1557 venerit
994 1508 1026 1557 et
1037 1496 1230 1572 subvenerit,
1239 1517 1353 1581 recep-

393 1596 456 1660 turi
467 1595 653 1659 Gnidonem
667 1594 885 1673 Cremeusem,
897 1608 929 1658 et
942 1595 975 1657 in
988 1597 1085 1659 rerba
1099 1596 1351 1661 Teutonicorum

387 1698 534 1783 juraturi.
577 1699 623 1760 Et
647 1718 688 1759 ne
715 1696 838 1779 aliquid
862 1697 1058 1775 subtraham,
1079 1709 1224 1761 asserunt
1239 1700 1351 1762 neseio

391 1821 472 1884 quas
493 1799 713 1883 prophetissas
733 1797 931 1861 Teutonicas
955 1800 1144 1862 vaticinatas
1164 1820 1246 1877 esse,
1261 1800 1348 1864 unde

390 1902 477 1965 furor
500 1901 754 1964 Teutonicomm
780 1908 889 1981 potest
918 1900 1055 1982 amplius
1085 1901 1288 1976 inflammari,
1315 1913 1348 1965 et

388 2002 474 2067 uude
490 2002 686 2066 schismatici
700 2000 890 2064 animantur.
924 2000 991 2063 Sed
1006 2002 1150 2083 profecto
1165 2012 1282 2085 potens
1297 2012 1348 2066 est

389 2107 481 2169 Deus
514 2114 676 2168 conterere
711 2101 895 2185 superbiam
928 2102 1041 2178 Moab,
1071 2101 1163 2165 valde
1196 2102 1348 2168 adversus

390 2208 566 2270 Dominum
583 2204 807 2289 superbientis.
838 2205 884 2266 Et
899 2203 1079 2285 arrogantia
1094 2204 1165 2288 ejus
1181 2205 1284 2289 major
1299 2215 1350 2270 est

390 2329 486 2392 quam
505 2305 669 2370 fortitudo
705 2301 800 2368 Unde
822 2302 858 2366 in
879 2313 968 2366 tanto
989 2323 1095 2367 rerum
1118 2307 1246 2370 turbiue
1267 2307 1348 2370 nihil

390 2408 552 2473 salubrius
574 2407 717 2483 arbitror,
732 2422 831 2487 quam
847 2414 882 2467 ut
901 2405 1126 2486 confugiamus
1141 2407 1182 2470 ad
1205 2410 1345 2472 clemen·

389 2510 465 2573 tiam
478 2507 610 2582 Christi,
622 2508 677 2591 qui
688 2506 747 2568 etsi
758 2506 873 2569 iterum
885 2503 1091 2589 crucifigitur,
1100 2530 1165 2571 non
1178 2508 1346 2588 occiditur,

389 2608 447 2674 sed
473 2608 683 2672 crucifixores
712 2628 788 2670 suos
814 2609 849 2670 in
875 2609 1029 2672 ultionem
1056 2610 1225 2674 Columbae
1252 2611 1347 2675 faciet

390 2692 538 2775 acerbius
553 2709 709 2790 crucifigi.
750 2708 795 2770 Et
807 2707 878 2791 jam
894 2710 1054 2791 crucifigit
1074 2732 1133 2794 pro
1152 2723 1252 2796 parte,
1269 2732 1346 2774 con-

389 2833 508 2876 vocans
537 2812 690 2875 adversus
721 2831 777 2873 eos
806 2821 930 2894 pestem
959 2823 993 2874 et
1021 2812 1174 2893 gladium,
1202 2823 1235 2876 et
1262 2813 1343 2876 alios

387 2918 521 2997 angelos
540 2935 626 2990 suos,
646 2934 702 2997 per
724 2933 807 2996 quos
830 2913 1002 2993 gloriosius
1024 2916 1117 2997 punit
1141 2925 1251 2979 contra
1270 2937 1343 2978 eum

388 3018 565 3080 immaniter
596 3016 778 3096 gloriantes.
831 3014 866 3077 Si
903 3014 996 3078 vobis
1030 3014 1190 3079 adfuerint
1225 3026 1344 3081 sanctae

390 3118 628 3182 Cantuariensis
657 3117 803 3180 ecclesiae
829 3116 967 3200 patroni,
995 3138 1129 3199 quorum
1160 3120 1343 3182 memoriam

388 3219 499 3283 haberi
508 3219 630 3303 jugiter
644 3217 787 3301 expedit,
804 3219 877 3281 Deo
891 3231 1032 3295 auctore,
1048 3218 1165 3282 utiliter
1180 3219 1343 3281 sedabitur

387 3319 458 3384 hmo
470 3321 620 3403 procella,
631 3330 664 3381 et
677 3340 737 3381 nos
749 3318 882 3381 feliciter
893 3317 934 3381 ad
947 3328 1091 3402 optatum
1101 3319 1343 3399 enavigabimus

388 3432 525 3504 portum.
564 3419 635 3484 Nec
651 3419 763 3484 diffido
781 3414 859 3502 quin
875 3441 931 3482 eos
944 3419 1118 3483 habeamus
1131 3419 1298 3503 propitios,
1313 3421 1341 3483 si

388 3525 588 3605 posuerimus
616 3521 714 3587 corda
736 3532 846 3584 nostra
868 3541 965 3603 super
989 3521 1058 3584 vias
1081 3536 1215 3596 nostras,
1240 3530 1272 3583 et
1296 3520 1342 3584 ita

386 3628 499 3691 versati
515 3629 667 3692 fuerimus
683 3626 716 3688 in
729 3621 884 3688 exercitio
899 3625 979 3706 legis
995 3625 1133 3703 Divinae,
1143 3636 1178 3687 ut
1193 3646 1261 3689 eam
1277 3644 1343 3687 non

386 3729 491 3790 miuus
511 3729 694 3791 studeamus
717 3729 831 3803 facere,
847 3747 942 3809 quam
964 3726 1086 3790 audire.
1132 3729 1218 3792 Nam
1240 3738 1276 3790 ut
1299 3727 1343 3790 ait

387 3826 525 3910 Sapiens
540 3828 690 3910 quidam:
722 3826 842 3890 Rerum
853 3827 1052 3909 aperienda
1068 3833 1114 3891 est
1125 3828 1281 3908 maqiatra
1291 3829 1343 3890 in-

387 3926 581 4009 telligentie.
619 3929 742 3992 Valete.

481 4082 705 4147 EPISTOLA
727 4081 934 4144 CXL1.-su
948 4096 1239 4142 ssnrnonosrsuu

624 4201 853 4247 excursusnu.
880 4182 959 4261 [an.
978 4180 1087 4260 llos]

686 4302 825 4363 Domino
840 4301 1036 4363 anuieusi.

430 4425 516 4487 Posr
532 4441 690 4485 recessum
708 4419 830 4482 domini
845 4441 939 4502 papae
954 4419 1044 4481 nulla
1059 4416 1144 4500 apud
1159 4438 1219 4479 nos
1233 4416 1335 4479 relatu

384 4527 697 4607 dignaemerseruut,
709 4541 768 4582 nee
779 4518 820 4583 de
833 4520 1126 4603 curiaimperatoris
1134 4518 1259 4601 aliquid
1271 4539 1340 4580 cer·

384 4637 451 4690 tum
478 4638 536 4699 est,
563 4623 699 4704 ideoque
726 4622 766 4682 ab
794 4639 902 4682 eorum
929 4641 1001 4701 quae
1024 4619 1165 4702 publicae
1190 4618 1341 4681 dicuutur

384 4727 534 4789 relatione
552 4724 683 4800 desisto,
698 4733 730 4783 et
745 4722 1052 4805 propriisincumbo
1068 4720 1217 4801 negotiis.
1263 4718 1341 4779 Pro·

383 4826 470 4888 misit
490 4826 568 4886 mihi
592 4824 715 4887 Pictav-
731 4823 863 4895 archid,
880 4834 1002 4885 utente
1019 4822 1088 4904 jam
1112 4820 1236 4903 scripsi,
1252 4817 1340 4901 quod
