3300 6434
353 1217 414 1277 106
608 1231 744 1277 Josurus
761 1229 1037 1275 saansaaatuusrs
1208 1213 1255 1292 [s.
1272 1232 1303 1277 n.

348 1378 488 1468 publicae
506 1380 629 1467 aliquid
652 1380 826 1466 indulgere.
875 1380 908 1444 Si
931 1379 1013 1444 eninr
1031 1401 1105 1445 vera
1127 1392 1202 1444 suut
1224 1404 1300 1466 quaa

347 1482 499 1548 dicuntur
520 1505 539 1547 a
562 1480 781 1557 redeuntibus,
800 1493 833 1544 et
855 1480 976 1544 utinam
998 1503 1073 1544 vera
1094 1481 1244 1561 sint,.rex
1268 1495 1302 1547 et

346 1594 418 1648 tota
442 1581 530 1648 curia
555 1581 635 1646 adeo
660 1580 800 1667 pendent
827 1581 868 1645 de
889 1580 1019 1645 consilio
1041 1593 1158 1661 vestro,
1180 1594 1216 1647 ut
1243 1604 1302 1647 uec

345 1704 418 1769 spes
436 1683 524 1769 pacis
540 1680 715 1759 immineat,
730 1680 790 1745 nisi
811 1702 881 1744 eam
898 1696 1003 1745 vestra
1025 1681 1197 1767 prudentia
1218 1706 1301 1770 prae-

346 1782 474 1869 figuret.
519 1782 616 1847 Unde
641 1782 792 1848 dominus
817 1804 907 1847 meus
932 1782 1128 1870 quandoque
1153 1784 1301 1850 hoesitare

347 1884 445 1973 ooepit
461 1883 542 1971 quid
557 1884 597 1949 sit
613 1884 702 1970 quod
718 1883 868 1949 dominus
882 1908 938 1949 rex
954 1898 986 1950 et
1003 1908 1059 1950 ros
1073 1907 1171 1972 super
1193 1888 1299 1953 reditu

346 2000 455 2052 vestro
476 1985 668 2052 maturando
689 1997 746 2050 aut
768 1986 946 2050 differendo
961 1986 1121 2052 interdum
1140 1990 1300 2054 contraria

345 2088 531 2175 postulastis
541 2101 574 2154 et
583 2087 729 2162 scribitis,
742 2110 844 2173 quum
853 2088 887 2151 in
898 2110 976 2153 aure
987 2101 1020 2155 et
1029 2111 1085 2153 ore
1096 2089 1186 2176 vulgi
1197 2105 1300 2167 sonet,

346 2189 437 2255 vobis
450 2212 520 2255 esse
534 2211 590 2255 cor
606 2212 704 2255 unum
722 2203 754 2254 et
769 2189 905 2255 animam
923 2212 1031 2267 uuam,
1044 2190 1095 2255 vel
1106 2205 1239 2276 urgente
1253 2193 1301 2256 sa·
1391 2188 1400 2201 ⁰

345 2292 536 2359 miliaritatis
551 2292 660 2358 amicae
675 2292 806 2359 stimulo
817 2292 901 2357 idem
912 2292 1003 2372 velle,
1012 2305 1044 2357 et
1057 2292 1140 2358 idem
1154 2294 1236 2358 nolle
1247 2318 1299 2359 ne·

344 2415 430 2459 essse
440 2392 590 2459 sitvobis.
624 2393 779 2470 Quaesivit
790 2393 884 2458 etiam
896 2394 1090 2480 quandoque
1098 2417 1138 2459 an
1149 2395 1257 2482 aliqua
1266 2397 1298 2460 in

344 2493 449 2559 reista
461 2507 569 2579 posset
580 2517 647 2558 esse
656 2493 797 2559 collusio.
832 2496 878 2560 Et
886 2518 958 2580 ego,
968 2494 1048 2582 quid
1058 2495 1173 2561 veritas
1182 2496 1299 2579 habeat

345 2594 424 2659 mihi
440 2595 550 2659 videor
568 2594 764 2682 proesentire,
780 2609 813 2660 et
837 2596 1076 2681 quodammodo
1099 2611 1219 2662 statum
1244 2598 1300 2662 ab·

344 2698 442 2761 sentis
470 2707 504 2761 et
531 2696 705 2762 laborantis
733 2696 977 2783 praesentialiter
1005 2697 1133 2763 intueri.
1188 2700 1296 2776 Quum

343 2796 1297 2885 itaquelitterasoouoeptasdamnarecompellerer‚fluctuare

343 2898 437 2985 eoepi,
463 2921 503 2963 an
532 2898 696 2985 expediret
723 2900 872 2964 nuntium
903 2898 1005 2985 magis
1029 2904 1173 2981 retinere,
1197 2923 1294 2987 quam

344 2997 480 3064 mittere.
528 2998 589 3064 Sed
606 3001 684 3085 quia
702 3000 769 3085 jam
785 3013 916 3087 accepta
940 2999 1078 3077 licentia,
1094 3023 1191 3088 quam
1215 3023 1296 3087 proe·

342 3096 515 3163 machinati
529 3120 666 3178 eramus,
682 3122 866 3184 egressurus
881 3113 960 3181 erat,
974 3100 1057 3167 sedat
1079 3102 1207 3166 taudem
1229 3102 1296 3165 ani-

345 3219 408 3280 mo,
437 3212 578 3265 vestrum
607 3199 747 3265 animum
777 3201 954 3285 explorare,
983 3201 1169 3287 litterasque
1198 3224 1294 3287 quarn

343 3312 493 3386 urgentes
516 3298 621 3386 potui,
635 3298 708 3366 licet
730 3300 854 3386 aliquid
875 3299 1042 3386 indulgeat
1064 3300 1160 3386 regia
1184 3300 1296 3364 volun-

342 3400 414 3480 tati,
440 3400 531 3466 vobis
556 3413 588 3467 et
613 3400 660 3465 illi
687 3402 901 3467 transmittere
926 3402 1106 3488 procuravi.
1152 3403 1294 3488 Porrigit

342 3525 399 3589 per
423 3526 480 3570 vos
503 3516 533 3568 et
559 3527 617 3591 per
640 3504 764 3570 litteras
788 3528 862 3569 suas
886 3527 995 3591 preces
1017 3503 1165 3568 dominus
1188 3518 1294 3569 noster

342 3605 438 3690 regite
454 3607 622 3693 majestati,
638 3606 832 3693 oonfiditque
848 3631 880 3671 se
896 3607 961 3671 fore
976 3605 1182 3684 audiendum,
1197 3608 1223 3671 si
1239 3630 1295 3671 vos

341 3726 470 3790 operam
497 3707 647 3773 dederitis
677 3710 901 3793 promovendis
928 3709 1002 3775 iltis.
1057 3710 1125 3773 Neo
1151 3731 1292 3795 unquam

343 3806 470 3868 memini
500 3806 605 3891 ipsum
642 3808 763 3894 aliquid
794 3810 998 3874 affectuosius
1028 3810 1224 3895 postulasse:
1263 3824 1295 3874 et

342 3903 470 3989 quidem
487 3905 627 3971 honesta
643 3922 728 3985 sunt,
745 3921 776 3972 et
791 3911 1009 3997 quasjustum
1026 3923 1074 3973 est
1089 3911 1247 3990 exaudiri,
1261 3923 1293 3974 et

343 4029 478 4093 quarum
494 4007 620 4093 repulsa
635 4009 662 4073 ei
679 4030 741 4073 non
758 4012 853 4076 modo
867 4012 1098 4087 confusionem,
1114 4011 1167 4074 sed
1185 4023 1215 4074 et
1232 4010 1293 4074 dif-

342 4109 503 4175 fidentiam
530 4111 653 4198 gratiae,
681 4136 779 4199 quarn
805 4135 930 4197 semper
958 4111 1130 4197 promereri
1157 4108 1293 4190 studuit,

342 4235 438 4300 super
458 4215 564 4279 omnia
579 4217 764 4302 reportabit.
811 4221 885 4283 Hoc
906 4229 1013 4280 autem
1028 4226 1076 4278 est
1100 4227 1136 4277 ut
1158 4212 1199 4276 de
1221 4236 1293 4298 pro-

341 4317 498 4381 movendo
520 4318 551 4381 in
574 4322 705 4382 eeclesia
728 4320 903 4384 Exoniensi
927 4317 1078 4404 magistro
1102 4314 1291 4398 B[artholo-

341 4424 436 4504 maeo]
450 4419 622 4485 Exoniensi
635 4422 869 4500 archidiacono,
880 4424 948 4486 viro
958 4421 1090 4489 honesto
1099 4430 1132 4484 et
1139 4419 1293 4496 litterato,

340 4533 372 4586 et
387 4545 446 4608 pro
459 4545 523 4608 quo
535 4522 709 4609 fidejubere
721 4523 831 4606 audet,
844 4525 965 4608 regium
978 4545 1162 4587 consensum
1175 4534 1209 4585 et
1220 4543 1293 4584 auc-

341 4623 500 4687 toritatem
516 4624 677 4689 obtineat:
710 4648 859 4711 saepeque
883 4624 1094 4689 familiaribus
1116 4622 1181 4687 suis
1204 4622 1293 4697 dicit,

341 4721 403 4786 illis
415 4736 518 4789 tamen
531 4726 699 4806 duntaxat,
710 4727 830 4814 quibus
845 4727 904 4789 hoe
916 4725 1048 4789 verbum
1061 4726 1292 4789 communicare

340 4822 424 4902 licet,
447 4850 478 4889 se
505 4850 566 4893 non
591 4828 723 4893 multam
753 4829 869 4893 habere
891 4826 1026 4911 gratiam
1054 4827 1174 4891 domini
1198 4825 1292 4909 regis,
