3300 6434
319 1119 512 1198 1159-64.]
686 1133 864 1178 EPISTOLAE.
1205 1117 1264 1175 lat

315 1289 462 1355 transiret
475 1290 653 1373 amplexus.
700 1283 859 1348 Praeterea
881 1304 980 1368 quum
1003 1281 1048 1346 ibi
1069 1304 1136 1366 prae
1159 1284 1265 1363 turba,

313 1406 345 1456 et
368 1390 474 1456 mariti
497 1387 547 1452 sui
568 1389 775 1474 perversitate
795 1407 857 1448 non
882 1398 987 1470 posset
1009 1382 1125 1459 audiri,
1146 1385 1187 1449 ad
1209 1385 1265 1451 do·

314 1495 436 1558 minum
454 1490 706 1555 Wintoniensem
729 1499 796 1552 tum
820 1486 1002 1572 apostolicae
1024 1485 1107 1549 sedis
1124 1485 1264 1572 legatum

314 1595 455 1670 accessit,
470 1606 502 1656 et
518 1592 600 1656 sicut
615 1590 700 1654 idem
716 1593 782 1654 suis
796 1589 913 1654 litteris
932 1588 1120 1663 testabatur,
1137 1588 1264 1652 tandem

315 1719 373 1783 per
395 1694 582 1759 senteutiam
607 1694 676 1779 ejus
697 1692 849 1768 obtinuit,
874 1704 910 1756 ut
935 1695 965 1756 ei
987 1694 1097 1756 relicta
1121 1690 1268 1755 adultera

315 1795 450 1861 maritus
465 1818 542 1859 suus
556 1794 787 1859 restitueretur.
834 1794 947 1879 Ipsum
962 1815 1093 1879 quoque
1105 1793 1265 1879 judicium

316 1899 456 1984 episcopi
486 1898 719 1961 Wiutoniensis
747 1895 937 1960 auctoritate
966 1895 1050 1958 sedis
1085 1896 1267 1980 apostolicae

316 1999 444 2063 dicebat
457 1998 653 2074 roboratum,
663 2000 814 2082 quoniam
828 1995 1080 2081 eamjamdictus
1090 1995 1267 2082 episcopus,

316 2101 393 2165 dum
420 2124 494 2165 eum
521 2111 823 2175 controversaretur,
846 2099 1088 2178 consultaverat,
1112 2098 1268 2184 scriptum

315 2202 438 2267 consilii
460 2226 479 2266 a
501 2202 630 2266 domino
656 2201 842 2266 Innocentio
857 2213 974 2266 sanctae
1000 2201 1159 2265 memoriae
1185 2224 1269 2286 prae-

316 2303 477 2368 decessore
494 2318 610 2380 vestro,
627 2315 663 2366 ut
681 2303 817 2376 aiebant,
834 2316 1006 2387 receperat,
1020 2300 1053 2364 in
1077 2301 1144 2365 haec
1160 2304 1266 2367 verba.

316 2409 385 2469 Nos
406 2405 488 2468 enim
511 2403 681 2489 originales
703 2425 880 2489 nunquam,
896 2402 950 2467 sed
973 2402 1093 2469 domini
1108 2403 1267 2468 Wintoni·

315 2507 397 2571 ensis
409 2506 530 2572 litteras
542 2528 638 2593 super
654 2506 713 2568 boc
725 2504 884 2570 duntaxat
899 2505 1089 2591 accepimus.
1128 2510 1150 2541 “
1163 2506 1266 2591 Super

313 2609 453 2695 eoquod
469 2607 687 2692 interrogastis
701 2606 741 2670 de
758 2621 953 2670 sacramento
968 2607 1108 2691 conjugii
1126 2607 1266 2670 breviter

311 2711 498 2796 respondeo,
514 2708 600 2772 illam
616 2731 712 2793 quam
729 2707 839 2772 dixisti
862 2732 882 2773 a
903 2720 994 2793 patre
1009 2707 1176 2792 conjugem
1200 2721 1264 2772 tra-

312 2810 426 2886 ditam,
441 2822 473 2872 et
488 2808 530 2872 ab
545 2833 582 2871 eo
597 2831 654 2872 cur
670 2805 787 2871 tradita
801 2809 906 2872 fuerat
929 2831 1056 2872 rursum
1079 2806 1164 2894 patri
1179 2831 1266 2872 cotn-

314 2911 508 2986 mendatam‚
520 2912 620 2975 donec
636 2919 757 2975 statuta
771 2910 823 2973 die
839 2911 870 2972 in
886 2933 974 2973 suam
991 2909 1044 2974 ille
1058 2911 1189 2976 domum
1202 2925 1266 2977 tra-

315 3011 456 3088 duceret,
483 3011 556 3075 dico
586 3010 661 3097 quia
688 3009 829 3095 legitimo
857 3032 1011 3074 consensu
1039 3012 1268 3076 interveniente

315 3138 354 3179 ex
371 3138 409 3178 eo
424 3114 530 3180 statim
547 3115 663 3199 conjux
680 3112 753 3188 tuit,
769 3136 835 3198 quo
851 3126 1025 3199 spontanea
1037 3115 1184 3200 pactione
1198 3138 1265 3178 sese

314 3217 483 3303 conjugem
509 3240 576 3280 esse
601 3215 767 3280 consensit.
812 3215 884 3279 Non
911 3219 994 3280 enirn
1020 3216 1166 3280 futurum
1194 3238 1267 3301 pro·

313 3319 512 3395 mittebatur,
550 3316 604 3381 sed
641 3340 778 3403 praesens
813 3316 1011 3382 firmabatur.
1065 3318 1267 3401 Quapropter

313 3418 466 3506 quicquid
486 3430 597 3504 postea
626 3440 698 3481 cum
725 3417 787 3479 alia
802 3416 923 3479 lactum
950 3429 1008 3489 est,
1024 3416 1091 3477 sive
1110 3415 1142 3479 in
1165 3420 1264 3492 coitu,

315 3521 381 3584 eive
403 3524 435 3583 in
457 3519 661 3603 generatione
683 3516 791 3603 prolis,
808 3529 897 3580 tanto
920 3517 1195 3602 reprehensibilius
1217 3536 1264 3583 est

315 3621 501 3695 secundum,
518 3633 641 3704 quanto
663 3618 766 3682 verius
787 3619 936 3703 primum.
982 3620 1155 3685 Constante
1180 3620 1262 3685 enim

314 3722 428 3808 primo,
458 3734 579 3807 quanto
617 3719 755 3807 amplius
792 3721 824 3783 in
866 3722 1004 3787 secundo
1042 3723 1264 3805 committitur,

315 3839 405 3890 tanto
422 3825 521 3910 magis
536 3824 631 3911 culpa
645 3827 811 3910 augetur.”
856 3824 937 3889 Inde
958 3849 1059 3912 quum
1075 3851 1116 3892 ex
1138 3840 1266 3914 aposto·

314 3927 376 3993 lico
399 3928 517 4014 scripto
540 3927 634 3993 fuerit
658 3927 831 3991 divortium
856 3927 1062 4008 celebratum,
1078 3951 1135 3994 nec
1157 3928 1268 4013 elapso

312 4030 475 4108 decennio,
497 4044 554 4095 aut
577 4029 714 4116 amplius
737 4031 777 4094 sit
799 4030 909 4116 aliquo
927 4030 1011 4116 juris
1032 4029 1173 4092 remedio
1195 4051 1264 4092 seu·

313 4133 413 4197 tentia
427 4145 629 4219 attemptata,
643 4131 725 4195 illud
740 4155 807 4194 esse
828 4131 1064 4194 matrimonium
1080 4130 1262 4196 habendum

312 4232 401 4318 quod
426 4234 551 4317 legatus
577 4230 768 4305 conciliavit,
794 4247 827 4296 et
856 4231 1072 4295 adulterinum
1102 4255 1169 4295 esse
1197 4255 1263 4295 am·

311 4333 454 4418 plexum,
466 4355 561 4416 quem
574 4331 663 4394 sedes
674 4332 844 4416 apostolica
856 4332 1087 4398 condemnavit.
1120 4333 1173 4396 Ad
1185 4334 1263 4415 baec,

307 4433 375 4516 jam
392 4456 454 4497 non
466 4447 513 4498 est
525 4433 555 4496 in
573 4432 749 4517 quaestione
762 4448 871 4498 utrum
883 4433 1011 4500 illorum
1026 4434 1261 4501 matrimonium

312 4534 421 4611 fuerit,
438 4557 537 4620 quum
561 4534 620 4597 boc
643 4534 764 4621 liqueat
779 4559 818 4598 ex
837 4558 871 4599 re
889 4534 1045 4622 judicata,
1062 4560 1102 4601 ex
1125 4537 1263 4605 divortio

312 4636 535 4715 celebrato,ex
551 4637 690 4723 eoquod
708 4660 811 4724 usque
833 4638 873 4701 ad
896 4637 963 4702 dies
978 4640 1054 4704 vitae
1076 4642 1261 4707 novissimos

311 4738 421 4804 relicta
448 4739 591 4804 adultera
616 4739 713 4826 priori
740 4742 870 4806 cobaesit
898 4741 999 4807 uxori.
1046 4747 1082 4808 ln
1114 4746 1261 4811 omnibus
