3300 6434
346 1280 541 1362 lton-66]
725 1296 906 1343 aristosa.
1237 1275 1297 1343 all

344 1463 438 1513 natur
453 1463 487 1515 ut
501 1451 667 1535 reprobus,
684 1449 788 1533 quiin
811 1470 932 1513 morum
956 1451 1185 1532 verborumque
1211 1471 1300 1513 com-

346 1552 474 1629 mercio,
484 1552 659 1635 prasertim
672 1551 705 1613 in
716 1551 784 1614 soro
795 1549 952 1624 fidelium,
962 1548 1058 1634 hujus
1068 1548 1167 1612 divini
1180 1551 1299 1633 eloquii

343 1650 463 1736 passim
479 1664 512 1717 et
527 1653 659 1737 publice
675 1672 740 1715 non
762 1650 901 1716 admittit
921 1661 1099 1733 argentum,
1114 1649 1200 1735 quod
1222 1651 1297 1731 igne

344 1754 482 1837 Spiritus
505 1753 618 1818 Sancti
641 1752 860 1816 examinatum
884 1763 943 1831 est,
957 1764 1128 1836 purgatum
1147 1753 1187 1816 ab
1211 1751 1298 1816 omni

344 1853 423 1917 laece
451 1864 576 1918 terrena
600 1863 633 1917 et
658 1853 784 1916 macula
805 1863 960 1937 purgatur
983 1854 1176 1938 septuplum.
1222 1850 1298 1917 Istis

344 1974 421 2039 ergo
430 1977 541 2019 secure
553 1955 635 2018 fides
649 1956 815 2018 incumbat
825 1965 857 2018 et
867 1955 941 2033 illis,
953 1976 1024 2038 quae
1038 1952 1114 2018 hinc
1125 1957 1297 2039 probatum

343 2065 377 2118 et
391 2054 533 2118 debitum
548 2055 714 2139 accipiunt
729 2055 975 2130 firmamentum,
991 2056 1142 2139 quoniam
1157 2053 1298 2118 infidelis

344 2166 377 2217 et
392 2154 561 2219 haereticus
576 2166 636 2233 est,
652 2155 707 2238 qui
723 2156 769 2219 eis
783 2176 880 2220 ausus
894 2156 989 2220 fuerit
1003 2156 1160 2237 refragari.

390 2258 442 2319 De
461 2257 615 2319 librorum
639 2276 713 2319 vero
733 2258 920 2320 auctoribus
941 2257 1099 2321 variantur
1118 2258 1298 2341 opiniones,

343 2358 421 2422 licet
434 2359 496 2422 ista
510 2358 709 2443 praevaluerit
723 2358 811 2442 apud
833 2360 1002 2422 ecclesiam
1017 2379 1073 2422 eos
1093 2360 1134 2422 ab
1149 2359 1213 2423 illis
1227 2379 1298 2422 esse

344 2460 559 2543 praescriptos,
586 2459 697 2542 quiin
722 2460 919 2540 singulorum
946 2457 1046 2523 titulis
1071 2470 1295 2545 praenotautur.

344 2560 490 2625 Isidorus
505 2571 598 2625 sexto
613 2556 879 2644 etymologiarum
900 2563 994 2642 libro,
1009 2583 1080 2644 cap.
1095 2563 1130 2637 ii,
1144 2562 1298 2625 rationem

345 2663 511 2726 nominum
534 2683 607 2746 qua)
629 2660 717 2726 libris
739 2662 843 2727 indita
866 2672 952 2740 sunt,
973 2684 993 2726 a
1013 2655 1298 2727 fonte‘litteraruru

347 2764 567 2848 Hieronymus
592 2774 753 2828 mutuatus
779 2765 924 2849 exponit,
947 2773 979 2829 et
1004 2775 1150 2829 auctores
1179 2782 1298 2828 eorum.

346 2869 523 2932 Rhabanus
544 2889 673 2952 quoque
697 2870 730 2932 in
752 2869 836 2932 libro
862 2868 902 2932 de
926 2870 1152 2933 ecclesiasticis
1175 2868 1300 2944 officiis,

347 2990 444 3052 quem
457 2971 605 3033 nonnulli
621 2970 661 3032 de
677 2970 885 3033 sacramentis
901 2969 1023 3043 dicunt,
1039 2980 1074 3034 et
1088 2969 1300 3034 Cassiodorus

346 3069 381 3131 in
403 3069 486 3131 libro
501 3068 542 3130 de
558 3067 758 3132 institutione
774 3068 950 3132 divinarum
973 3070 1147 3133 litterarum
1162 3091 1235 3153 quaa
1257 3070 1300 3133 ad

345 3168 433 3232 hunc
456 3169 623 3232 muculum
645 3169 815 3253 pertinent,
837 3170 932 3233 latius
953 3171 1132 3256 exequitur.
1170 3171 1298 3234 Cassio·

346 3271 442 3335 dorus
467 3271 553 3335 enim
579 3292 645 3336 non
675 3272 770 3336 modo
797 3272 838 3335 de
864 3273 1037 3358 Scripturis
1064 3270 1237 3338 canonicis
1267 3282 1300 3336 et

346 3393 452 3436 eanim
475 3375 658 3438 auctoribus
680 3374 815 3453 disserit,
831 3375 923 3439 seda
944 3377 1062 3459 quibus
1083 3385 1299 3459 exponuntur,

346 3476 495 3557 eleganti,
511 3485 547 3539 ut
561 3477 652 3555 solet,
669 3476 822 3540 describit
837 3478 975 3560 eloquio.

390 3575 547 3639 Praeterea
573 3573 692 3657 singuli
719 3579 851 3641 Patrum
873 3578 989 3640 librum
1011 3577 1148 3660 aliquem
1171 3576 1300 3660 exposi-

344 3680 418 3755 turi,
433 3680 516 3742 sicut
530 3680 611 3744 ratio
628 3680 738 3761 exigit,
755 3678 795 3742 de
811 3690 953 3757 auctore,
965 3693 998 3744 et
1012 3678 1144 3744 materia
1158 3680 1237 3764 ejus,
1248 3680 1296 3743 in·

345 3780 499 3855 tentione,
514 3791 546 3844 et
564 3801 672 3858 causa,
687 3789 720 3843 et
741 3780 845 3857 titulo,
860 3789 892 3843 et
915 3781 943 3843 si
961 3803 1025 3865 qua
1047 3782 1111 3845 alia
1128 3792 1203 3846 sunt
1225 3801 1298 3864 quae

346 3881 557 3960 auditoribus,
585 3893 618 3946 et
645 3881 819 3946 lectoribus
854 3882 1028 3947 faciliorem
1057 3880 1299 3967 intelligentiam

346 3983 509 4067 sequentis
530 3984 636 4067 operis
656 3985 897 4068 praeparantia
920 3986 1110 4050 tractatibus
1132 3986 1198 4049 suis
1220 4007 1300 4069 proe·

347 4086 470 4149 mittere
491 4092 736 4162 consueverunt,
751 4097 783 4148 et
804 4086 875 4149 baec
897 4086 1027 4169 quidem
1047 4088 1155 4149 habita
1177 4087 1300 4149 ratione

347 4188 421 4261 loci,
438 4194 469 4249 et
490 4187 654 4272 temporis,
669 4198 701 4251 et
723 4208 833 4250 eorum
854 4187 894 4251 ad
915 4209 996 4271 quos
1018 4208 1122 4250 sermo
1145 4186 1300 4270 dirigitur,

349 4299 384 4352 ut
392 4287 433 4351 ad
445 4289 577 4352 formam
586 4290 794 4369 Evangelicae
803 4288 1019 4365 institutionis,
1028 4288 1157 4352 familiae
1167 4290 1300 4353 Domini

348 4408 528 4452 mensuram
540 4391 606 4453 cibi
617 4389 764 4452 salutaris
776 4400 964 4474 opportunas
976 4391 1172 4474 dispensent.
1202 4390 1300 4468 Nam,

347 4500 384 4552 ut
398 4487 443 4550 ait
464 4483 635 4564 Palladius,
650 4508 767 4569 magna
787 4508 862 4571 pars
880 4489 1059 4572 prudentiae
1082 4501 1141 4565 est,
1157 4492 1305 4556 consulta

349 4589 470 4652 ratione
495 4608 662 4671 personam
682 4588 769 4652 illius
785 4589 841 4671 qui
863 4590 974 4653 scribit
995 4592 1166 4673 permetiri.
1205 4592 1303 4655 Unde

350 4692 391 4754 ab
407 4690 599 4753 executione
616 4690 753 4771 vulgata)
768 4689 932 4770 opinionis
952 4690 993 4755 de
1008 4692 1167 4757 industria
1185 4696 1302 4777 stylum

351 4789 526 4873 suspendo,
537 4788 578 4851 ad
593 4786 657 4851 alia
667 4788 867 4863 transiturus,
880 4790 943 4853 nisi
956 4787 1036 4855 forte
1047 4793 1190 4874 dignatio
1201 4806 1306 4883 vestra

350 4891 551 4976 praeceperit,
568 4905 602 4955 ut
625 4904 657 4955 et
676 4891 758 4956 hanc
779 4890 964 4972 diligentius
985 4913 1135 4983 exequar.
1173 4893 1306 4961 Interim

802 5006 821 5051 e
836 4995 856 5053 2
