3300 6434
345 1253 410 1313 998
606 1262 741 1311 ioannis
756 1261 1035 1308 saunsssursusrs
1209 1244 1261 1325 [a.
1278 1261 1312 1306 m

346 1439 388 1483 ex
404 1419 547 1481 ubertate
560 1416 717 1490 foliorum,
728 1425 761 1479 et
771 1414 1003 1491 condensitate,
1014 1413 1072 1477 sed
1086 1434 1129 1477 ex
1140 1414 1312 1476 fructuum

346 1520 482 1583 utilitate
497 1526 656 1601 pensatur.
701 1514 811 1589 Quum
830 1538 906 1599 ergo
928 1526 964 1579 tu
986 1516 1068 1579 nihil
1089 1515 1241 1579 omiseris
1262 1533 1311 1577 ex

346 1620 619 1700 contingentibus,
635 1629 667 1682 et
688 1618 763 1682 fidei
778 1628 843 1681 tuae
858 1629 891 1681 et
913 1616 1092 1680 devotionis
1106 1618 1243 1693 fructus,
1257 1626 1311 1679 et·

346 1722 374 1785 si
397 1742 461 1784 nou
483 1741 541 1802 pro
564 1730 648 1797 roto,
670 1721 766 1803 plane
789 1739 849 1802 pro
870 1731 1014 1801 tempore
1038 1718 1249 1801 praecesserit,
1274 1729 1311 1780 et

346 1833 506 1905 spereturr
545 1842 604 1884 cur
633 1820 674 1883 ad
709 1817 917 1900 allegationes
946 1821 1089 1883 caritatis
1119 1816 1307 1883 astruenda

343 1923 444 1987 oratio
470 1933 526 1985 tua
553 1919 771 2005 progreditur?
811 1920 847 1984 Si
877 1940 948 1983 eam
975 1920 1021 1983 ris
1046 1941 1116 1984 esse
1145 1918 1306 1983 fidelibus

345 2022 612 2100 commendatam,
626 2033 698 2085 acta
713 2021 794 2102 agis,
810 2021 838 2084 si
857 2021 1053 2098 infidelibus,
1067 2021 1158 2084 nihil.
1207 2022 1308 2085 Unus

345 2137 462 2203 autem,
486 2137 519 2188 et
544 2124 744 2205 singulariter
772 2143 856 2186 uuus
880 2134 940 2202 est,
966 2124 1018 2186 cui
1049 2133 1120 2186 eam
1151 2122 1306 2185 desidero

345 2224 575 2303 commendari,
597 2224 656 2288 sed
683 2245 746 2286 non
773 2236 838 2287 tam
865 2224 1093 2304 allegationum
1121 2237 1248 2299 ornatu,
1272 2235 1307 2287 et

345 2328 618 2413 phantasmatibus
633 2325 822 2400 dictionum,
840 2346 936 2409 quam
959 2326 1102 2389 caritatis
1117 2326 1303 2390 sinceritate

345 2441 378 2493 et
390 2430 463 2493 ritae
485 2427 691 2505 continentis,
705 2437 737 2490 et
760 2428 945 2490 affectuosae
961 2428 1112 2490 orationis
1133 2428 1302 2502 instantia,

345 2530 527 2616 etquidem
553 2551 595 2593 ex
621 2530 671 2592 his
697 2530 778 2592 locis
804 2529 865 2592 tibi
889 2529 1024 2592 arbitror
1052 2529 1252 2613 provenisse,
1266 2539 1303 2593 ut

344 2632 449 2696 amico
464 2643 572 2694 nostro
588 2629 723 2712 Hugoni
739 2628 947 2713 responderes
962 2629 1006 2707 id,
1022 2629 1109 2713 quod
1123 2631 1183 2693 etsi
1197 2631 1303 2714 impe·

344 2733 415 2797 ritis
437 2752 539 2796 rerum
559 2731 703 2794 videatur
725 2733 835 2794 afferre
857 2731 1073 2814 dispendium,
1089 2730 1302 2796 conscientiis

344 2845 451 2898 tamen
481 2842 514 2895 et
542 2832 651 2895 salutis
685 2830 899 2913 proculdubio
927 2831 1154 2913 compendium
1185 2831 1300 2897 adfert.

345 2933 443 2999 Unde
465 2942 498 2997 et
519 2931 633 2997 studiis
655 2933 719 2996 tuis
742 2934 951 3013 congratulor,
973 2950 1234 3016 quem'aguosco
1257 2954 1301 2999 ex

344 3036 444 3118 signis
482 3035 660 3119 perspicuis
697 3034 731 3096 in
769 3036 848 3096 urbe
878 3035 1003 3115 garrula
1030 3042 1063 3097 et
1089 3042 1235 3112 ventosa,
1264 3045 1302 3099 ut

342 3155 424 3219 pace
445 3134 637 3199 scholarium
659 3132 779 3196 dictum
796 3132 848 3210 sit,
862 3153 927 3196 non
944 3142 1008 3197 tam
1029 3133 1189 3197 inutilium
1206 3155 1302 3217 argu-

343 3235 574 3299 mentationum
593 3236 685 3298 locos
707 3235 879 3317 inquirere,
894 3256 989 3319 quam
1005 3236 1165 3300 virtutum.
1211 3238 1303 3301 Nam

343 3337 398 3419 qui
420 3348 675 3418 argumentorum
699 3337 893 3419 multiplices
907 3337 996 3401 locos
1020 3350 1051 3401 et
1074 3337 1167 3402 sedes
1182 3338 1302 3418 credit,

343 3452 375 3501 et
401 3440 550 3503 virtutum
576 3435 693 3515 nullos,
719 3438 862 3518 garrulus
888 3440 1000 3524 utique
1026 3451 1131 3523 potest
1156 3461 1239 3520 esse,
1264 3454 1302 3506 ct

343 3561 455 3614 vanus,
486 3539 543 3603 sed
571 3538 784 3623 proculdubio
813 3560 880 3603 nou
910 3539 1111 3618 dialecticuS,
1139 3541 1205 3603 imn
1234 3563 1300 3607 uec

342 3641 554 3725 philosophus
566 3652 624 3704 est.
665 3641 711 3705 Ut
726 3649 831 3703 tamen
847 3662 866 3703 a
880 3643 1083 3722 generalibus
1093 3641 1133 3705 ad
1145 3643 1306 3725 specialia

342 3753 512 3817 transeam,
526 3742 612 3825 quod
628 3741 844 3805 archidiaconi
861 3742 1069 3817 Picturensis,
1081 3743 1156 3806 dum
1169 3766 1306 3809 excom·

341 3841 523 3903 municatus
537 3851 596 3916 est,
611 3843 766 3923 quicquid
790 3842 848 3905 tibi
865 3845 1022 3921 offeratur,
1037 3846 1193 3908 detrectas
1217 3846 1302 3910 inire

342 3938 549 4015 consortium,
570 3939 679 4015 laudo,
701 3941 789 4021 quod
816 3943 991 4006 Dominum
1013 3945 1148 4020 homini,
1170 3957 1299 4031 tempo·

342 4041 1301 4131 ralibusaeternapraetulisti;sed,utsinepraejndicioloqnar

340 4142 507 4207 sententiae
529 4143 669 4222 verioris,
691 4156 724 4205 et
749 4164 909 4207 canonum
931 4148 1107 4211 reverentia
1129 4148 1216 4211 salva
1237 4150 1298 4223 sit,

341 4242 578 4307 distinctionem
593 4243 626 4305 in
651 4244 898 4325 participatione
915 4267 987 4309 cum
1004 4250 1298 4314 excommunicatis

341 4366 457 4410 censeo
472 4344 712 4408 admittendam.
758 4346 842 4409 Nam
863 4347 917 4430 qui
934 4348 1060 4412 malitias
1076 4370 1183 4413 eorum
1206 4372 1299 4415 com·

341 4446 494 4519 munient,
525 4446 664 4529 seipsum
696 4468 824 4530 qnoque
853 4448 1063 4512 anathematis
1096 4452 1297 4531 obligatione

340 4546 544 4612 condemnat.
582 4546 742 4610 Caeterum
757 4548 791 4610 in
807 4549 857 4611 his
873 4561 1020 4632 quatuor,
1034 4572 1167 4634 qnorum
1185 4555 1299 4619 cautio

341 4648 487 4731 specialis
498 4646 631 4724 videtur,
639 4648 673 4709 iu
684 4648 795 4710 osculo
805 4645 929 4710 scilicet
938 4662 970 4711 et
979 4671 1098 4725 mensa,
1108 4652 1252 4716 oratione
1264 4665 1300 4718 et

340 4750 541 4825 salutatione,
552 4769 757 4833 personarum
770 4759 802 4812 et
817 4770 920 4811 rernm
934 4752 1101 4834 multiplex
1113 4764 1148 4815 ut
1159 4754 1301 4818 arbitror

341 4848 518 4912 differentia
530 4849 726 4914 attendenda
737 4861 793 4914 est.
827 4851 927 4914 Aliter
937 4852 1020 4915 enim
1033 4853 1102 4916 haec
1120 4855 1300 4935 professio·
