3300 6434
424 1233 480 1291 184
582 1250 721 1296 sonuum
736 1250 1014 1296 sunssnsursusrs
1031 1248 1210 1294 sersronn.

435 1522 656 1586 EPISTULA
680 1523 963 1587 CXXxllh-nn
979 1540 1125 1584 ruounu
1144 1537 1364 1583 enisrosrruu

794 1643 1005 1688 centenses.

664 1784 789 1846 Thomu
804 1784 983 1865 Proposito
999 1782 1145 1846 Cellensi.

467 1917 678 1980 Suscsmuus
703 1916 779 1980 oiim
805 1916 992 1980 mandatum
1023 1914 1126 1979 felicis
1151 1914 1376 1979 recordationis

422 2038 516 2104 pspae
542 2018 693 2103 Eugenii,
715 2032 753 2083 ut
778 2020 862 2083 inter
884 2018 1055 2082 monachos
1076 2016 1117 2080 de
1140 2014 1323 2093 Croilands,
1346 2029 1378 2081 et

425 2119 609 2184 Haldenum
633 2121 793 2206 quendam
816 2144 913 2208 super
934 2119 1065 2184 ecclesia
1084 2120 1125 2183 de
1148 2120 1331 2195 sutertona,
1346 2132 1379 2182 et

422 2221 553 2287 decimis
569 2224 761 2310 quibusdem
773 2244 901 2288 causam
913 2220 1144 2287 decideremus.
1179 2220 1284 2305 Igitur
1293 2219 1377 2283 idem

425 2323 610 2388 mandatum
626 2335 821 2411 exequentes
844 2347 941 2412 super
954 2323 1090 2410 praefato
1109 2326 1247 2410 negotio,
1261 2336 1293 2387 et
1308 2322 1380 2386 dili-

423 2436 535 2509 genter
563 2441 801 2512 cognoscentes,
827 2427 996 2514 praeintam
1026 2425 1189 2491 ecclesiam
1218 2424 1380 2489 monachis

424 2525 679 2613 adjudicavimus
689 2550 762 2592 cum
773 2528 953 2593 oblatorum
966 2528 1060 2613 plenu
1074 2529 1289 2606 restitutione,
1304 2550 1378 2612 quae

426 2626 467 2691 ad
483 2627 722 2692 aestimationem
734 2652 778 2693 xv
788 2650 967 2692 marcarum
977 2629 1040 2692 fuit
1050 2628 1238 2692 idoneorum
1250 2630 1378 2691 testium

426 2742 623 2794 sacramento
646 2731 789 2816 probam.
836 2729 1004 2795 Monachis
1030 2752 1107 2815 ergo
1126 2729 1311 2815 frequenter
1332 2752 1380 2793 re·

426 2831 625 2897 stitutionem
646 2833 859 2918 exigentibus,
880 2846 912 2897 et
932 2832 1056 2897 easdem
1080 2831 1220 2897 decimas
1241 2831 1273 2894 iu
1300 2854 1381 2917 proe·

428 2933 529 2999 sentia
543 2932 665 2998 domini
677 2933 917 3010 Liucoluiensis,
933 2933 1062 2999 tandem
1076 2932 1246 2997 Hsldcuus
1255 2931 1295 2996 sd
1312 2955 1382 2996 nos-

428 3050 510 3101 tram
535 3036 728 3101 audientiam
750 3035 936 3123 appellavit,
958 3058 1125 3122 quumque
1146 3036 1249 3099 smboe
1275 3048 1381 3121 partes

428 3152 502 3202 snte
527 3160 584 3202 uos
608 3140 827 3215 consisterent,
853 3138 951 3222 coepit
977 3135 1146 3201 Haideuus
1171 3159 1297 3200 causum
1323 3136 1380 3201 diu

428 3238 589 3304 definitam
606 3261 703 3325 super
716 3237 847 3303 ecclesia
862 3242 1035 3304 Sutertoua
1050 3237 1235 3303 instaurare.
1281 3241 1381 3302 Porro

428 3361 528 3428 quum
560 3339 704 3404 monachi
733 3339 765 3402 in
796 3338 949 3426 petitione
979 3362 1036 3403 sus
1064 3351 1313 3423 perseverarent,
1335 3361 1380 3402 xv

429 3465 549 3509 marcas
564 3443 625 3508 sibi
644 3442 844 3528 sdjudicstss
860 3463 934 3507 cum
953 3439 1147 3526 quibusdum
1169 3439 1299 3504 decimis
1318 3444 1382 3505 exi-

428 3560 549 3633 gentes,
563 3544 742 3621 Hnldeuus,
757 3565 898 3607 asserens
913 3564 945 3605 se
955 3562 1019 3605 non
1034 3539 1149 3606 debere
1164 3539 1320 3626 superbis
1335 3563 1384 3603 re-

430 3648 596 3734 spondere,
612 3648 653 3712 sd
669 3647 863 3712 audientiam
888 3645 970 3710 sedis
994 3643 1176 3732 spostolicae
1198 3642 1382 3730 appellavit,

430 3751 514 3812 diem
546 3750 711 3834 praefigens
743 3748 939 3815 Dominicsm
970 3770 1034 3834 qua
1062 3746 1243 3811 csutsbitur
1282 3748 1382 3821 Quasi

433 3852 524 3913 ruodo
532 3853 645 3931 geniti.
