3300 6434
404 1160 467 1227 rte
660 1177 798 1222 scaurus
813 1176 1089 1226 saanssaarsusrs
1252 1160 1348 1240 [un.

401 1350 538 1395 mensem
561 1341 593 1392 et
615 1327 785 1391 monachos
808 1326 1046 1392 cantuariensis
1067 1325 1218 1402 ecelesiae,
1241 1328 1350 1414 appel-

400 1428 526 1495 lationis
541 1428 662 1493 auxilio
672 1451 774 1515 nuper
785 1429 827 1494 ad
839 1451 970 1494 examen
982 1428 1190 1516 apostolicum
1201 1452 1220 1493 a
1233 1429 1350 1494 nostris

404 1531 553 1605 manibus
582 1530 743 1603 evolavit,
781 1553 819 1594 ea
847 1544 896 1596 est
918 1529 1110 1617 hujusmodi.
1154 1533 1354 1595 Memoratus

402 1630 486 1696 Rad.
501 1629 624 1694 reditus
637 1628 694 1694 lxx
706 1628 871 1707 librarum,
887 1652 969 1715 quos
984 1634 1014 1695 in
1027 1629 1156 1694 ecclesia
1169 1628 1348 1694 Dovurensi

399 1730 568 1809 habuerat,
590 1729 693 1794 officio
714 1742 822 1794 nostro
844 1731 905 1794 sibi
927 1730 1050 1796 restitui
1073 1729 1268 1816 postulabat,
1290 1742 1347 1794 aut

399 1831 531 1897 aliorum
554 1830 718 1895 redituum
742 1853 868 1917 aequam
884 1832 1208 1918 recompensationem
1224 1831 1285 1895 sibi
1300 1855 1350 1895 re-

400 1933 590 2020 ponderari;
621 1932 729 1998 dicens
750 1957 803 1998 eos
824 1933 866 1998 ad
888 1934 948 1998 hoc
977 1934 1076 2001 teneri
1098 1955 1139 1998 ex
1156 1934 1352 2018 juramento,

400 2035 489 2123 quod
510 2034 651 2100 Auricus
673 2035 874 2102 Camerarius
895 2035 1021 2100 nomine
1042 2058 1083 2101 ex
1104 2035 1256 2101 mandato
1277 2058 1351 2100 con-

399 2152 512 2204 ventus
525 2135 686 2224 praestitit,
702 2136 834 2223 quando
849 2137 932 2201 Rad.
955 2138 1060 2216 cessit,
1078 2151 1113 2203 ut
1134 2139 1168 2202 in
1187 2137 1348 2202 ecclesiam

380 2241 543 2304 ‘Dorurae
570 2236 716 2301 monachi
744 2235 999 2322 ingrederentur.
1045 2241 1120 2304 Hoc
1155 2260 1286 2325 quoque
1315 2260 1349 2300 se

400 2336 552 2423 legitimis
572 2335 709 2402 testibus
726 2334 873 2422 promisit
895 2337 1118 2422 probaturum.
1164 2336 1257 2402 Prio'r
1276 2332 1352 2401 vei-o

400 2447 434 2502 et
446 2435 593 2500 monachi
607 2435 689 2500 hanc
698 2436 768 2521 ejus
777 2435 965 2519 petitionem
975 2434 1100 2500 inanem
1115 2458 1182 2501 esse
1191 2435 1351 2515 dicebant,

400 2561 439 2604 eo
459 2537 548 2625 qnod
570 2535 630 2601 sibi
652 2558 775 2622 semper
796 2534 951 2622 praedicta
971 2540 1117 2623 pactione
1137 2537 1170 2601 in
1192 2537 1352 2622 assignato

400 2639 507 2706 reditu
523 2641 622 2705 fuerit
644 2638 862 2712 satisfactum
894 2637 1076 2721 adjicientes
1092 2662 1124 2703 se
1145 2650 1274 2726 paratos
1284 2662 1351 2705 esse

400 2740 442 2805 ad
455 2740 570 2806 calculi
579 2740 732 2806 rationem
747 2739 907 2814 accedere,
923 2753 958 2803 ut
970 2739 1138 2826 suppleant
1149 2760 1209 2825 pro
1220 2739 1351 2804 arbitrio

401 2841 475 2906 boni
485 2844 556 2923 viri,
567 2843 594 2906 si
605 2841 685 2928 quid
696 2841 726 2905 ei
738 2841 1089 2927 ulteriuscompetierit.
1122 2841 1173 2904 Ad
1186 2840 1255 2905 hac
1266 2841 1348 2909 Rad.

398 2968 432 3010 se
445 2945 526 3009 citra
539 2943 733 3009 audientiam
751 2957 886 3008 vestram
902 2943 1032 3008 minime
1052 2966 1148 3031 super
1163 2945 1233 3008 hoec
1247 2943 1351 3030 litiga-

399 3058 510 3110 turum
525 3043 700 3130 respondit,
715 3043 855 3107 invitans
866 3042 1007 3108 Priorem
1024 3057 1056 3106 et
1071 3045 1241 3109 monachos
1256 3065 1353 3130 super

401 3144 545 3233 praestito
549 3146 733 3231 juramento
740 3143 781 3208 ad
791 3161 930 3208 vestrum
941 3166 1084 3224 examen,
1092 3159 1125 3210 et
1134 3146 1271 3232 priorem
1282 3169 1353 3232 spe·

402 3247 535 3322 cialiter,
547 3260 579 3310 et
596 3245 685 3330 Hug.
700 3245 830 3310 fratrem
845 3246 915 3332 ejus
926 3267 1023 3331 super
1036 3258 1222 3332 contemptu
1236 3261 1353 3324 restro,

401 3373 441 3414 eo
463 3349 552 3436 quod
573 3353 607 3414 in
630 3347 779 3434 parochia
799 3347 889 3411 illius
909 3348 1116 3433 protectionis
1139 3363 1253 3413 restrae
1274 3371 1354 3435 proe-

403 3449 484 3516 sidio
493 3451 681 3537 gaudentes,
693 3473 743 3514 me
751 3449 853 3513 invito
867 3462 977 3513 contra
987 3449 1072 3536 juris
1084 3451 1293 3515 reverentiam
1303 3474 1353 3514 ca·

400 3551 516 3638 pellam
527 3557 772 3628 construxerint,
782 3552 920 3639 praefixit
932 3552 1042 3638 itaque
1056 3553 1225 3617 terminum
1241 3554 1351 3618 Domi·

402 3652 504 3716 nicam
520 3652 552 3715 in
567 3652 867 3739 ramispalmarum.

548 3964 769 4029 EPISTOLA
792 3965 1034 4029 cmm-an
1049 3984 1201 4031 nnunasr.

639 4115 780 4178 Domino
798 4115 902 4197 Papae
915 4113 1111 4179 Alenandro.

445 4252 487 4316 Iu
518 4272 550 4312 se
579 4247 696 4335 ipsum,
727 4261 806 4313 teste
830 4248 968 4324 Anania,
992 4263 1143 4334 provocat
1167 4251 1353 4317 senteutiam

402 4350 525 4430 mortis,
541 4348 598 4436 qui
616 4349 771 4436 Spiritum
789 4350 951 4426 Sanctum,
967 4349 1081 4415 merito
1096 4351 1267 4431 virtutum,
1283 4377 1354 4421 suc-

401 4453 548 4520 cessionis
558 4451 674 4535 gratia,
685 4452 898 4537 praerogativa
909 4451 991 4517 sedis
1002 4452 1198 4520 habitantem
1210 4457 1243 4519 in
1254 4457 1355 4537 robis,

402 4554 513 4641 aliquo
542 4551 697 4617 mendacii
719 4552 795 4617 suco
817 4552 1046 4618 circumvenire
1070 4556 1247 4640 praesumit,
1273 4579 1356 4643 prae·

403 4656 510 4721 sertim
522 4677 623 4741 quum
635 4654 669 4718 in
683 4653 886 4740 dispendium
897 4656 993 4741 juria,
1007 4667 1040 4718 et
1051 4654 1183 4722 alterius
1196 4657 1354 4722 laesionem

404 4756 541 4847 mendam
571 4767 716 4840 precator
751 4754 908 4841 invigilet.
965 4757 1067 4820 Porro
1101 4757 1185 4822 lator
1218 4777 1356 4841 prasen-
