3300 6434
412 1236 454 1293 38
679 1250 816 1293 scaurus
833 1249 1111 1293 sanasenmausss
1275 1232 1321 1311 [Δ.
1342 1250 1374 1294 n.

453 1560 674 1624 EPISTOLA
701 1562 944 1626 xxxvl-sn
959 1579 1191 1623 ntaxsuuuuu
1208 1580 1329 1624 rnatu.

419 1734 694 1796 Encellentissimo
708 1733 873 1796 deminuet
886 1737 978 1815 putri
994 1734 1031 1797 A.
1044 1735 1109 1797 Dei
1120 1740 1236 1817 gratia
1251 1757 1375 1800 summo

458 1837 604 1920 postulet
623 1835 662 1898 T.
679 1841 802 1896 sunctae
815 1836 908 1898 Cant.
932 1835 1067 1899 ecclesie
1084 1838 1228 1900 minister
1242 1840 1374 1901 hamdis

463 1936 732 2003 Sdstdffl.

461 2109 679 2169 Aeosnomcm
692 2101 775 2167 sedis
786 2102 934 2167 mandatu
946 2102 1003 2167 lilii
1015 2103 1199 2169 obedientes
1210 2129 1375 2192 exequun-

419 2217 490 2268 tur:
522 2203 579 2290 qui
602 2204 647 2267 eis
669 2205 879 2279 reluctantur,
901 2218 1024 2270 constat
1052 2205 1264 2271 damnationis
1284 2208 1317 2272 in
1341 2233 1374 2272 se

419 2325 591 2386 provocare
606 2302 805 2367 sententiam.
852 2306 921 2365 Nos
945 2317 1054 2367 autem
1077 2304 1118 2368 ab
1133 2305 1225 2368 initio
1248 2330 1376 2394 promo-

420 2401 901 2482 tionisvestrae,iuterdumcum
912 2404 1373 2492 salutisvitaequediscrimine,

420 2505 535 2570 summi
566 2504 724 2591 pontificis
752 2504 926 2590 amplexati
952 2529 1064 2571 sumus
1088 2507 1313 2587 obedientiam,
1340 2524 1373 2577 et

420 2619 591 2692 antequam
607 2628 664 2669 nos
676 2606 863 2671 innocentia
874 2606 991 2670 crimen
1005 2609 1150 2685 subruat,
1160 2607 1376 2677 desideramus

420 2708 489 2774 vita
514 2710 648 2795 luceque
673 2708 803 2794 privari.
849 2711 896 2774 Et
923 2732 978 2773 vos
999 2710 1142 2796 quidem,
1168 2714 1193 2776 si
1217 2716 1373 2779 reminisci

421 2810 536 2897 placet,
563 2808 752 2872 obedientiae
778 2820 895 2873 nostroe
926 2823 1075 2896 prompta
1102 2811 1226 2877 habetis
1252 2817 1376 2901 experi-

422 2925 538 2976 menta.
584 2910 666 2974 Nam
691 2910 891 2973 decessorum
917 2925 1094 2976 vestrorum
1117 2926 1271 3001 tempore,
1298 2939 1375 2981 nau·

422 3011 572 3097 fragium,
606 3011 711 3086 exilis,
741 3011 932 3089 nuditatem,
962 3012 1102 3097 pericula
1136 3018 1258 3095 mortis,
1291 3018 1373 3083 sicut

422 3113 551 3177 ecclesia
565 3112 694 3178 Domini
705 3112 806 3188 novit,
822 3135 881 3199 pro
896 3111 959 3176 lide
975 3129 1092 3179 sanetae
1109 3117 1263 3182 Romame
1277 3120 1374 3183 eccle-

422 3215 476 3279 siae
503 3237 563 3278 non
590 3214 855 3296 subterfugimus,
879 3215 933 3278 sed
963 3236 1003 3279 ex
1030 3216 1163 3281 adverso
1192 3219 1372 3304 principum

422 3314 580 3389 stetimus,
596 3313 710 3399 parati,
725 3313 750 3375 si
771 3334 854 3398 opus
871 3327 962 3388 esset,
978 3336 1037 3399 pro
1057 3317 1264 3382 indemnitate
1279 3319 1376 3384 eccle-

421 3414 476 3478 siae
491 3413 656 3500 proprium
674 3412 858 3497 sanguinem
882 3411 1055 3478 immolare.
1102 3415 1222 3480 Vestris
1242 3416 1372 3500 quidem

420 3515 634 3582 creditoribus
645 3514 722 3579 satis
730 3514 875 3590 fecimus,
883 3528 916 3579 et
927 3537 1007 3579 onus
1016 3527 1156 3580 vestrum
1170 3516 1374 3583 libentissime

421 3618 641 3683 transtulimus
656 3617 687 3681 in
704 3617 855 3680 humeros
869 3631 1001 3684 nostros.
1038 3618 1133 3682 Nunc
1148 3619 1277 3684 demum
1293 3642 1373 3687 onus

421 3729 563 3781 vestrum
578 3718 687 3803 potius
703 3731 877 3802 portamus,
891 3742 988 3806 quam
1013 3733 1168 3801 nostrum,
1182 3744 1221 3785 eo
1243 3723 1372 3808 quidem

420 3817 561 3901 gravius,
589 3840 665 3903 quo,
688 3818 748 3881 nisi
778 3820 993 3905 provideritis,
1018 3842 1080 3886 uon
1111 3823 1208 3887 modo
1234 3837 1372 3889 vestram

420 3916 542 3981 minuet
553 3920 990 4000 auctoritatem,sedRomaui
999 3920 1262 4007 pontificis,quod
1273 3926 1374 4010 magis

420 4039 576 4099 veremur,
587 4017 719 4104 gloriam
735 4018 925 4085 adnullabit.
959 4020 991 4083 Si
1007 4020 1139 4106 quidem
1152 4021 1281 4085 latorem
1293 4044 1374 4107 prte-

419 4120 556 4185 sentium
573 4124 745 4207 Hugonem
761 4120 886 4186 fidelem
907 4133 1060 4200 vestrum,
1069 4121 1171 4207 juxta
1185 4121 1373 4186 mandatum

420 4240 572 4298 vestrum,
595 4221 742 4306 exigente
766 4221 966 4287 contumacia
992 4221 1113 4287 domini
1140 4220 1372 4288 Londoniensis

418 4322 592 4409 praebenda
608 4322 839 4387 Loudoniensis
854 4322 992 4388 ecclesiae
1007 4322 1236 4389 investivimus.
1281 4324 1374 4410 Epis

417 4446 516 4509 copus
530 4436 708 4488 tamennon
724 4424 819 4490 modo
835 4424 961 4503 nostris,
975 4426 1029 4491 sed
1039 4426 1221 4512 apostolicis
1232 4426 1372 4492 decrevit

419 4525 546 4589 obviare
572 4525 738 4591 mandatis.
783 4530 849 4590 Vos
874 4527 994 4613 itaque,
1022 4530 1049 4592 si
1077 4528 1193 4613 placet,
1220 4528 1371 4592 honorem

419 4637 560 4688 vestrum
583 4626 759 4700 servabitis,
774 4643 806 4691 et
829 4626 942 4691 faciem
963 4640 1103 4691 nostram
1125 4650 1279 4691 excausa
1299 4629 1373 4691 obe·

417 4724 545 4788 dientioe
574 4726 726 4790 confundi
760 4748 823 4790 nou
853 4725 1028 4809 patiemini.
1084 4728 1165 4790 Nam
1198 4728 1254 4811 qui
1286 4726 1370 4789 sedis

418 4825 596 4909 apostolicae
621 4826 794 4889 contemnit
823 4824 975 4907 legatum,
1001 4846 1071 4887 eum
1104 4826 1232 4887 videtur
1261 4823 1371 4907 potius
