3300 6434
349 1274 523 1355 llos-8]
732 1290 912 1337 srrsrosn.
1256 1282 1300 1340 27

344 1444 433 1509 ribus
448 1458 480 1509 et
496 1442 654 1509 arumnis.
694 1445 911 1507 Veruntamen
928 1444 1014 1527 quia,
1031 1456 1167 1527 urgente
1181 1444 1300 1508 amoris

344 1546 420 1624 fide,
435 1569 498 1610 non
515 1567 684 1633 possumus
699 1564 757 1629 pro
771 1545 864 1609 vobis
879 1567 941 1609 non
965 1568 1031 1610 esse
1047 1545 1184 1624 solliciti,
1200 1544 1302 1610 beati-

345 1648 451 1713 tudini
470 1664 596 1729 vestra,
611 1670 711 1735 quarn
735 1647 767 1710 in
787 1647 885 1732 longa
898 1665 931 1712 et
946 1648 1050 1712 felicia
1065 1661 1209 1734 tempora
1226 1670 1302 1733 pro-

346 1751 457 1816 tendat
473 1754 642 1825 Dominus,
655 1748 882 1835 supplicamus,
895 1763 932 1814 ut
947 1771 1005 1835 per
1019 1752 1151 1814 latorem
1163 1770 1302 1835 praesen-

346 1851 428 1916 tium
451 1875 488 1915 ea
511 1875 585 1938 quae
606 1853 690 1915 circa
704 1873 760 1914 vos
775 1864 850 1914 suut
872 1850 964 1915 nobis
986 1851 1165 1936 significare
1186 1849 1301 1934 digne·

345 1952 433 2018 mini.
485 1956 583 2019 Certo
608 1952 736 2039 quidem
767 1952 885 2017 certius
910 1965 970 2029 est,
996 1952 1084 2038 quod
1111 1952 1152 2016 ab
1177 1951 1298 2015 inoolu·

348 2052 458 2116 mitste
470 2068 585 2132 vestra,
596 2075 658 2116 non
675 2052 771 2116 modo
786 2052 885 2117 totius
900 2052 1021 2127 insula,
1033 2075 1106 2136 quae
1118 2052 1207 2115 vobis
1219 2050 1304 2115 votis

349 2150 495 2218 felicibus
516 2153 649 2218 salutem
672 2165 831 2239 precatur,
846 2152 930 2217 salus
944 2153 1074 2239 pendet,
1089 2151 1145 2216 sed
1158 2155 1300 2216 omniurn

347 2253 442 2317 etiam
456 2253 789 2338 circumjacentionum
805 2253 980 2317 nationum.

360 2567 579 2632 EPrSTOLA
602 2570 800 2633 XXV.-so
820 2587 1009 2633 sarscoruru
1026 2584 1294 2632 umstuusssrr.

602 2718 652 2782 H.
669 2720 826 2801 Episcopo
843 2719 1051 2783 Duuelmensi.

392 2852 415 2913 J
418 2871 506 2915 nxrs
522 2850 704 2916 relationem
722 2866 861 2917 vestram
877 2853 1030 2918 habemus
1043 2852 1131 2939 quod
1147 2852 1304 2939 possimus

349 2953 390 3016 de
415 2953 615 3018 fraternitate
641 2968 747 3020 vestra
771 2956 904 3032 causari,
928 2956 984 3042 qui
1010 2978 1049 3019 es
1076 2953 1304 3020 eonstitutione

351 3076 511 3118 sacrorum
532 3076 701 3132 canonum,
716 3057 910 3144 coepisoopis
924 3057 1127 3122 denuntiasse
1146 3054 1305 3120 debuistis

346 3154 541 3240 flagitiosum
572 3157 672 3234 illum,
699 3182 793 3245 quem
823 3158 958 3244 epistola
986 3172 1089 3223 vestra
1124 3158 1218 3223 uobis
1249 3157 1306 3221 de-

349 3256 466 3344 pinxit,
479 3258 520 3323 ab
534 3260 664 3324 ecclesia
681 3274 785 3325 vestra
800 3263 843 3327 ob
859 3261 940 3327 tanti
956 3262 1080 3327 sceleris
1094 3261 1306 3335 atrom'tatem,

350 3361 552 3428 anathemate
576 3364 834 3431 condemnatum.
880 3366 947 3428 Nos
972 3378 1092 3439 autem,
1116 3362 1189 3426 licet
1213 3382 1307 3425 vene-

349 3463 459 3528 rabilis
473 3463 582 3528 fratris
604 3466 705 3530 nostri
721 3462 933 3531 Effioracensis
947 3462 1174 3548 archiepiscopi
1191 3461 1306 3526 litteris

348 3563 451 3631 fretus
473 3562 580 3642 fuerit,
595 3579 627 3628 et
649 3587 709 3650 pro
731 3589 769 3627 eo
793 3564 887 3628 multi
909 3576 942 3628 et
964 3563 1072 3646 magni
1091 3562 1162 3638 viri,
1178 3560 1305 3647 culpam

351 3676 407 3728 aut
422 3667 554 3727 omnino
570 3666 751 3742 reticentes,
762 3680 819 3728 aut
834 3664 1012 3727 minuentes
1027 3662 1305 3748 supplicaverunt:

353 3764 381 3827 ei
394 3786 498 3849 neque
506 3764 758 3827 communionem
769 3764 967 3841 indulsimus,
978 3787 1035 3828 neo
1046 3762 1168 3829 itineris
1178 3786 1306 3851 poenam

354 3864 545 3940 remisimus,
558 3864 614 3929 sed
627 3877 751 3929 tantum
764 3869 935 3929 terminum
951 3864 1193 3953 prorogavimus
1204 3889 1308 3953 usque

352 3965 394 4028 ad
417 3964 643 4031 exaltationem
668 3981 785 4031 sanctae
806 3967 920 4045 erucis,
940 3968 1021 4034 nihil
1045 3991 1153 4034 eorum
1175 3990 1252 4055 quae
1277 3972 1307 4035 ei

353 4068 497 4155 injuncta
520 4068 664 4145 l’uerunt,
681 4067 712 4132 in
736 4070 844 4155 aliquo
865 4070 1081 4136 immutantes.
1127 4072 1209 4147 Quia
1231 4093 1309 4157 ergo

355 4170 475 4235 malitia
501 4192 561 4234 sua
587 4185 643 4236 aut
670 4170 792 4236 fallacia
817 4172 846 4235 ei
872 4171 997 4236 lucrosa
1020 4195 1088 4237 esse
1111 4195 1174 4236 non
1201 4173 1308 4249 debet,

354 4273 489 4337 eundern
505 4271 698 4337 fraternitati
716 4287 829 4339 vestrae
840 4274 937 4358 juxta
951 4274 1117 4338 oanouioos
1132 4275 1308 4338 sanctiones

355 4372 559 4436 tractandum
590 4372 810 4460 relinquimus,
841 4375 1027 4439 mandantes
1057 4389 1095 4438 ut
1126 4396 1185 4459 pro
1214 4374 1311 4439 modo

356 4474 461 4558 culpae
485 4474 565 4536 tanti
590 4472 714 4557 flagitii,
731 4474 831 4538 scelus
853 4497 890 4538 ea
913 4477 1080 4540 severitate
1104 4475 1257 4563 puniatis,
1272 4491 1310 4542 ut

357 4573 510 4639 delictum
532 4576 602 4661 ejus
625 4589 754 4640 auctora
770 4577 910 4641 Domino
931 4600 988 4663 per
1010 4580 1230 4665 poenitentiam
1254 4579 1310 4644 de-

358 4678 473 4754 leatur,
488 4692 521 4742 at
543 4678 651 4745 caeteri
668 4680 717 4744 vel
742 4680 866 4745 timoris
880 4695 967 4746 metu
991 4706 1010 4746 a
1033 4683 1190 4748 similibus
1214 4698 1311 4748 terre·
1402 4704 1410 4721 ·

358 4795 465 4845 entur.
511 4785 579 4846 Nos
600 4786 684 4848 enim
705 4806 764 4870 per
786 4784 1032 4850 misericordiam
1055 4787 1184 4850 Domini
1207 4787 1312 4850 orimi-

360 4905 437 4947 num
459 4885 584 4969 patroni
606 4907 673 4949 esse
695 4885 866 4962 noluimus,
883 4887 936 4952 sed
963 4892 1091 4966 ultores,
1106 4900 1233 4973 gratum
1257 4888 1312 4951 lra-
1426 4881 1428 4886 ’
