3300 6434
317 1208 429 1289 1166]
720 1224 900 1270 nersronn.
1205 1208 1268 1272 268

311 1385 344 1438 et
377 1388 532 1460 qnantum
566 1375 598 1438 in
632 1376 705 1458 ipso
740 1389 798 1454 est,
836 1388 981 1441 evertens
1017 1371 1262 1461 dispositionem

313 1476 457 1552 Domini,
468 1488 501 1539 et
514 1475 742 1558 promissiones
751 1476 890 1539 veritatis
906 1496 1073 1552 evacuans,
1082 1477 1265 1542 Romanurn

311 1575 481 1657 imperium
505 1574 634 1638 Christo
656 1576 855 1639 machinatur
881 1578 1010 1640 auferre.
1060 1578 1163 1640 Instat
1188 1597 1264 1659 ergo

311 1685 347 1738 ut
360 1696 476 1739 nomen
489 1674 610 1739 Christi
625 1675 666 1739 de
680 1678 812 1760 imperio
824 1678 982 1742 deleatur:
1001 1678 1060 1742 sed
1076 1691 1111 1740 ut
1125 1679 1264 1741 muneris

312 1776 358 1839 tui
378 1777 473 1839 docet
492 1776 670 1859 inscriptio,
690 1799 808 1842 nomeu
834 1779 953 1843 Christi
971 1779 1173 1861 singulariter
1192 1799 1263 1861 per·

313 1887 419 1939 manet
438 1876 472 1937 in
496 1888 660 1953 aeternum,
681 1891 713 1941 ct
731 1878 953 1962 praesumentis
974 1880 1204 1962 imperiumst
1223 1879 1264 1943 tle

311 1976 393 2039 falso
416 1978 525 2058 gloriae
543 1979 673 2042 nomine
694 1980 858 2059 gloriantis
880 1980 1063 2042 exinanitus
1080 1993 1128 2043 est
1147 1981 1261 2055 honor,

311 2089 343 2139 et
372 2078 515 2160 profecto
544 2077 725 2143 humiliabit
755 2101 840 2157 eum,
869 2081 925 2162 qui
956 2093 1004 2143 est
1033 2092 1106 2143 aute
1136 2084 1262 2147 saeculn.

313 2179 395 2242 Haec
409 2181 516 2242 omnia
530 2191 563 2243 et
577 2182 679 2262 plura,
688 2202 760 2264 quae
776 2181 921 2244 brevitati
938 2180 1089 2244 insistens
1101 2191 1264 2264 praetereo,

311 2281 343 2342 iu
373 2282 492 2344 annulo
523 2283 758 2365 contemplatus
788 2303 871 2360 sum,
899 2284 1066 2347 fraternam
1097 2283 1262 2347 caritatem

310 2401 489 2462 agnoscens
512 2382 547 2445 in
572 2403 715 2461 munere,
739 2397 772 2446 et
796 2382 839 2446 ad
864 2384 1010 2447 virtutem
1036 2384 1203 2447 salubriter
1231 2404 1264 2449 et

311 2483 528 2567 multipliciter
548 2484 691 2548 eruditus
710 2507 754 2549 ex
776 2486 915 2549 muneris
938 2486 1100 2570 qualitate.
1144 2488 1261 2551 Nonne

308 2605 383 2665 ergo
399 2586 471 2649 talis
492 2587 580 2650 omni
597 2586 672 2671 jure
688 2601 721 2651 et
735 2588 849 2652 merito
865 2587 1023 2652 amandus
1038 2600 1088 2652 est
1106 2600 1138 2652 et
1152 2590 1261 2653 colen·

307 2682 394 2748 dus?
428 2696 461 2749 et
483 2686 612 2769 quidem
635 2709 741 2753 amare
761 2710 889 2773 semper
907 2689 993 2768 licet,
1015 2711 1076 2753 nec
1100 2690 1262 2773 prohiberi

307 2800 424 2870 potest,
449 2803 482 2851 et
509 2790 572 2853 hoc
601 2790 819 2854 indesinenter
845 2801 878 2854 et
906 2792 1063 2856 intensive
1090 2792 1207 2869 efficio,
1230 2804 1262 2856 et

308 2889 413 2952 habeo
434 2890 469 2951 in
492 2893 669 2973 proposito,
684 2903 720 2955 ut
735 2912 833 2973 quum
850 2893 985 2969 licuerit,
1001 2893 1145 2957 debitum
1161 2895 1261 2958 amori

307 2988 428 3050 cultum
452 3000 612 3068 gratanter
632 2990 827 3072 impendam.
874 2991 1004 3054 Interim
1028 3013 1102 3054 rero
1126 3004 1261 3073 quantas

309 3106 439 3169 possum
459 3089 575 3170 gratias
597 3111 669 3172 ago,
684 3111 802 3173 rogans
822 3092 985 3170 attentius,
1003 3101 1040 3155 ut
1058 3092 1259 3157 fraterculum

306 3198 449 3252 nostrum
466 3192 724 3256 commendatum
744 3192 900 3266 habeatis,
916 3193 1015 3256 ethis
1033 3192 1089 3277 qui
1108 3212 1169 3256 nos
1183 3213 1260 3256 con·

306 3292 445 3373 tingunt,
461 3313 558 3377 quarn
572 3293 699 3359 licuerit
713 3294 911 3378 diligentiam
927 3294 1129 3379 impendatis

335 3599 555 3664 EPISTOLA
578 3600 957 3664 cnxvut-ucruoo
974 3618 1100 3663 rrcrnv.
1115 3620 1234 3666 sacar·

580 3719 732 3764 oracouo.
760 3701 805 3781 [a.
818 3719 849 3763 n.
870 3701 979 3782 1166.]
1198 3724 1204 3733 ’

306 3857 1035 3952 MagistroRoimuadoPictocieneisecclerie
1044 3862 1259 3929 Concellert'o.

350 3997 447 4061 Putea
462 4017 552 4060 meua
567 4018 587 4061 a
601 3994 691 4058 robis
706 3994 844 4071 rediens,
854 3992 942 4058 unde
957 3995 1133 4058 sinceritati
1148 4007 1257 4059 vestrae

305 4099 488 4163 innumeras
508 4098 625 4180 gratias
645 4118 717 4179 ago,
732 4097 854 4159 litteras
871 4096 988 4170 retulit,
1002 4096 1104 4158 multa
1123 4094 1209 4171 fidei,
1225 4107 1257 4159 et

304 4201 443 4264 caritatis
458 4200 580 4263 indicia
595 4199 807 4279 praeferentes.
854 4196 904 4258 Eo
920 4194 1004 4258 enim
1020 4194 1135 4276 spiritu
1147 4195 1256 4261 viden·

305 4310 356 4361 tur
377 4320 449 4363 esse
472 4307 649 4380 concepte,
674 4308 709 4359 ut
732 4297 859 4377 singula
879 4295 975 4357 verba
996 4303 1029 4357 et
1050 4293 1115 4358 fere
1137 4296 1256 4377 singuli

302 4400 411 4483 apices
426 4399 527 4479 siguis
542 4395 690 4460 fidelibus
710 4406 936 4481 protestentur,
952 4417 986 4458 se
1001 4393 1042 4458 ad
1058 4396 1195 4459 amicum
1213 4396 1254 4461 de

302 4499 525 4564 sincerissima
541 4497 721 4561 dilectionis
736 4498 833 4580 adipe
850 4498 1052 4581 processisse.
1098 4496 1163 4560 Sed
1179 4497 1255 4581 quia

304 4604 337 4665 in
360 4602 435 4679 illis,
450 4602 533 4665 sicut
552 4600 585 4663 in
606 4599 729 4662 domini
755 4600 819 4661 mei
842 4598 988 4682 episcopi
1013 4600 1145 4680 scripto,
1165 4601 1255 4683 plura

306 4687 551 4767 continebantur
570 4700 678 4782 capita
695 4700 892 4781 negotiorum
915 4719 987 4781 quae
1008 4696 1254 4764 sollicitudinem

306 4807 441 4871 amantis
456 4824 572 4885 augere
596 4810 759 4884 poterant:
784 4811 894 4886 utpote
911 4798 998 4885 quod
1019 4801 1113 4883 plena
1135 4822 1251 4867 conva-
