3300 6434
347 1264 521 1340 litt-8]
730 1280 907 1326 EPtsTotAE.
1254 1265 1292 1324 19

343 1432 437 1495 aliam
454 1430 614 1517 possidere
630 1444 743 1518 posset.
782 1429 979 1518 Hujuemodi
995 1430 1187 1516 loquebatur
1202 1428 1293 1514 quasi

342 1531 460 1597 crimen
476 1532 608 1621 aliquod
618 1534 712 1598 vellet
724 1533 894 1598 intentare.
925 1536 1025 1597 Porro
1039 1552 1139 1619 quum
1155 1530 1295 1615 exigere·

343 1656 426 1712 mus,
446 1651 483 1700 ut
507 1658 573 1700 rem
595 1636 686 1700 nobis
705 1635 905 1699 manifestius
925 1634 1073 1721 aperiret,
1090 1632 1129 1697 ad
1151 1653 1293 1696 examem

344 1737 534 1822 Apostolicae
557 1736 640 1801 sedis
663 1737 799 1823 Gregor.
822 1735 1007 1822 appellavit,
1024 1735 1070 1800 ibi
1091 1734 1236 1799 dicturus
1258 1754 1296 1795 ea

345 1861 417 1922 quas
433 1840 465 1901 in
482 1838 604 1923 Anglia
618 1861 679 1903 non
695 1838 835 1904 audebat
850 1839 1040 1925 exprimere,
1054 1861 1093 1903 eo
1108 1835 1196 1924 quod
1212 1836 1296 1917 regis

344 1939 384 2004 sit
401 1939 622 2007 ministerialis.
668 1939 887 2029 Appellationi
903 1954 1009 2006 autem
1025 1939 1109 2005 diem
1125 1926 1296 2026 praefinivit

345 2040 545 2108 Dominicam
561 2065 628 2129 qua
642 2043 834 2118 cantabitur,
853 2043 958 2117 Quasi
971 2044 1062 2107 modo
1071 2044 1187 2123 geniti.

511 2285 733 2351 EPISTOLA
758 2286 960 2350 XV11.-sn
976 2302 1127 2348 ananau.

688 2419 834 2483 Adriano
847 2422 960 2503 Popae.

388 2556 500 2619 Soron
529 2552 659 2618 ecclesia
689 2553 729 2617 de
759 2552 926 2617 Bolteford
962 2553 1046 2618 inter
1076 2551 1297 2617 Alexandrum

347 2654 615 2732 Malambestiam,
628 2669 659 2719 et
673 2658 836 2741 Rogerum
848 2656 1071 2742 presbyterum
1083 2658 1298 2720 controversia

346 2757 470 2822 diutius
493 2760 614 2841 agitata
639 2769 704 2822 cst:
737 2758 865 2822 tandem
891 2780 993 2844 quum
1021 2756 1203 2824 Alexander
1225 2780 1299 2824 auc-

344 2860 472 2923 toritate
492 2860 634 2945 episcopi
658 2859 888 2924 Lincolniensis
906 2861 938 2923 in
956 2862 1023 2946 jam
1044 2860 1139 2924 dictoe
1161 2860 1299 2924 ecclesiae

343 2961 568 3045 possessiouem
592 2972 722 3046 propter
743 2961 1124 3047 contumaciamRogerii
1147 2975 1229 3026 esset
1251 2962 1299 3025 in·

344 3061 474 3137 ductus,
500 3074 532 3125 et
561 3062 794 3126 restitutionem
825 3062 991 3127 fructuum
1021 3074 1253 3150 praeceptorum
1280 3085 1298 3125 a

346 3174 519 3226 memorato
552 3163 691 3247 Rogerio
725 3175 861 3249 peteret,
892 3164 1051 3249 Rogerius
1083 3164 1123 3228 ad
1159 3176 1297 3229 nostram

345 3262 540 3327 audientiam
564 3263 749 3350 appellavit.
797 3266 906 3341 Quum
928 3289 1005 3351 ergo
1029 3288 1139 3329 causas
1160 3264 1300 3351 appella·

346 3363 453 3442 tionis,
469 3381 627 3451 prasente
646 3365 838 3442 adversario,
854 3368 1011 3452 Rogerius
1026 3367 1187 3451 allegaret,
1204 3390 1236 3429 se
1258 3367 1300 3429 ab

344 3467 492 3552 episcopo
522 3466 736 3531 Lincolniensi
766 3468 798 3530 in
830 3490 868 3530 eo
897 3482 1009 3532 contra
1036 3468 1189 3531 rationem
1215 3466 1300 3552 juris

344 3579 514 3649 gravatum
536 3567 682 3643 asseruit,
705 3564 790 3652 quod
815 3567 940 3641 absens,
962 3566 1137 3642 inauditus,
1157 3578 1189 3631 et
1212 3566 1300 3631 inde-

346 3665 466 3743 fensus,
480 3665 636 3749 spoliatus
655 3678 714 3744 est,
728 3665 928 3729 contumacia
942 3665 1003 3729 sibi
1022 3664 1181 3752 imposita,
1196 3688 1298 3752 quum
1403 3718 1405 3722 .

345 3764 466 3828 nullam
497 3786 645 3850 umquam
685 3765 880 3830 vocationem
914 3765 1035 3852 judicis
1069 3769 1299 3834 contumaciter

345 3865 544 3949 neglexisset.
591 3868 749 3931 Praeterea
765 3872 789 3932 si
805 3880 978 3932 contumax
993 3869 1161 3949 extitisset,
1175 3892 1298 3956 posses-

346 3967 466 4031 sionem
482 3989 570 4031 suam
587 3966 671 4033 intra
685 3990 807 4032 aunum
822 3970 960 4034 venienti
972 3982 1003 4034 et
1020 3980 1131 4057 parato
1146 3971 1299 4036 satisdare

341 4070 466 4156 judicio
491 4069 557 4134 sisti
585 4070 645 4135 sibi
671 4070 899 4137 restituendam
923 4094 990 4136 esse
1012 4072 1138 4137 dicebat
1164 4073 1298 4158 dejure

345 4172 465 4260 legum,
480 4186 512 4238 et
533 4195 700 4250 canonum,
716 4187 748 4238 et
771 4186 889 4238 sanctae
903 4174 1042 4239 ecclesia
1058 4176 1212 4239 Romana
1226 4196 1299 4237 con-

346 4275 526 4351 suetudine,
549 4276 683 4359 vestigia
704 4276 805 4359 cujus,
830 4289 866 4339 ut
883 4277 1008 4362 justum
1030 4289 1091 4351 est,
1119 4275 1297 4360 Anglorum

345 4377 476 4440 ecclesia
498 4376 650 4440 imitatur.
697 4373 757 4438 lllo
779 4374 887 4461 itaque
901 4390 939 4441 ut
963 4377 1199 4441 satisdationem
1222 4375 1299 4439 reoi-

345 4497 494 4560 persmus
515 4477 662 4549 instante,
680 4476 911 4539 restitutionem
936 4476 1138 4561 possessionis
1159 4489 1298 4563 petente,

347 4575 543 4658 Alexander,
575 4576 743 4663 praefigens
777 4576 978 4641 Dominicam
1015 4577 1191 4665 proximam
1225 4594 1298 4666 post

347 4680 485 4742 Octavas
504 4678 645 4757 Paschae,
666 4691 802 4741 vestram
825 4676 1018 4743 audientiam
1040 4679 1223 4768 appellavit,
1239 4681 1296 4765 qui

345 4800 402 4863 per
424 4778 668 4843 misericordiam
686 4778 815 4844 Domini
836 4778 932 4842 linem
949 4802 1052 4847 causae
1071 4780 1214 4845 debitum
1238 4782 1295 4846 im-

346 4880 479 4966 ponetis.

789 4986 843 5044 ca
