3300 6434
416 1206 475 1265 198
670 1217 806 1262 sonunrs
822 1216 1105 1262 sannsaurunssrs
1271 1200 1316 1280 [s.
1333 1221 1365 1264 o.

415 1469 634 1534 Eptst'oua
661 1470 937 1532 cxxxlx.-m
957 1485 1138 1531 rrcunrcuu
1153 1486 1367 1533 asrocas'snm

587 1588 773 1634 arrscoruu
790 1588 958 1633 annerum.
985 1569 1063 1648 [sn.
1085 1570 1190 1649 tlon]

511 1717 650 1780 Domino
665 1718 809 1780 Haurioo
823 1718 918 1779 electo
933 1717 1106 1779 Bar'ocensi
1119 1718 1270 1799 episcopo.

458 1877 534 1938 Non
551 1893 658 1955 parvae
675 1870 863 1935 temeritatis
878 1884 936 1945 est,
953 1872 979 1934 si
995 1870 1066 1957 quis
1081 1893 1235 1935 evacuare
1250 1872 1366 1936 nititur

413 1973 578 2039 consilium
617 1972 760 2052 Domini,
788 1973 892 2056 cujus,
922 1975 982 2037 etsi
1017 1984 1161 2036 mutetur
1197 1972 1364 2049 sententia,

414 2076 580 2163 dispositio
601 2091 705 2140 tamen
726 2096 849 2160 semper
869 2073 1036 2160 impletum
1065 2075 1198 2161 proinde
1221 2095 1278 2137 nec
1301 2073 1365 2137 for-

412 2192 500 2245 tunoe
534 2177 694 2243 saevientis
722 2176 889 2256 acerbitas,
917 2199 975 2242 nec
1004 2177 1166 2242 adulantis
1195 2174 1365 2240 blandities

413 2281 624 2364 compositum
661 2280 802 2343 animum
840 2279 888 2344 sui
924 2279 1031 2344 reddit
1067 2279 1293 2351 immemorem,
1325 2291 1362 2342 ut

415 2394 533 2446 statum
558 2393 672 2467 speret,
692 2380 752 2446 nisi
774 2379 814 2444 de
835 2380 951 2465 gratia,
965 2378 1016 2445 vel
1036 2402 1143 2444 casum
1168 2378 1288 2455 timeat,
1304 2378 1364 2445 nisi

414 2483 455 2547 de
477 2484 630 2548 malorum
657 2482 846 2547 conscientia
866 2482 1060 2548 meritorum.
1107 2484 1225 2569 Itaque
1248 2479 1306 2567 qui
1330 2505 1363 2546 se

414 2587 577 2653 existimat
603 2599 697 2662 stare,
724 2584 831 2650 vident
853 2607 893 2649 ne
916 2583 1022 2660 cadat,
1048 2598 1080 2650 et
1103 2607 1197 2672 quem
1221 2583 1363 2647 mundus

415 2689 631 2774 persequitur,
659 2688 773 2750 clamet
802 2683 843 2748 ad
874 2685 1069 2759 Dominum3
1109 2708 1166 2771 per
1194 2688 1286 2769 cujus
1313 2697 1363 2749 est

414 2788 661 2852 misericordiam
699 2785 895 2866 liberandus,
925 2786 950 2850 si
979 2808 1150 2851 conversus
1181 2785 1365 2851 clamaverit

416 2890 629 2955 confidenter:
661 2887 749 2973 quia,
779 2889 818 2952 In
849 2900 1007 2974 quantum
1041 2888 1115 2974 quis
1147 2887 1294 2974 desperat
1322 2887 1363 2951 de

414 2991 530 3075 gratia,
550 3014 588 3054 oo
610 2990 679 3077 ipso
703 2989 838 3072 gratiam
857 2989 1048 3054 demeretur.
1095 2991 1179 3055 Nam
1201 2990 1272 3076 quis
1294 3013 1364 3076 spe·

416 3091 499 3155 ravit
523 3090 553 3153 in
582 3091 730 3169 Domino,
756 3103 788 3154 et
813 3089 984 3155 derelictus
1005 3095 1076 3155 est?
1116 3096 1163 3158 Ut
1186 3091 1275 3155 vobis
1296 3093 1364 3156 haec

417 3203 575 3268 constent,
589 3212 652 3254 non
667 3190 768 3272 magis
784 3191 916 3276 potestis
931 3191 1035 3275 legere
1054 3192 1086 3256 in
1109 3194 1241 3257 Patrum
1264 3193 1364 3272 libris,

417 3316 514 3380 quam
530 3295 657 3357 oculata
671 3292 734 3356 fide
748 3292 927 3377 conspicere
942 3296 974 3357 in
990 3292 1050 3357 viis
1065 3293 1187 3359 vestris.
1232 3294 1316 3357 Nam
1331 3307 1365 3359 et

415 3419 476 3482 ego
490 3396 549 3460 boc
565 3394 657 3459 rideo
677 3393 817 3458 recolens
836 3416 935 3458 annos
954 3395 1173 3461 adolescentiae
1189 3408 1315 3474 vestrae,
1331 3410 1363 3462 et

416 3520 590 3583 processus,
613 3496 687 3560 licet
709 3517 743 3559 se
765 3494 993 3560 adversitatum
1018 3496 1158 3561 turbines
1181 3495 1364 3582 frequenter

414 3600 606 3685 ingererent,
617 3598 740 3684 jugiter
754 3611 957 3683 prosperatos
971 3620 1040 3661 esse
1054 3597 1086 3662 in
1103 3598 1252 3663 Domino.
1289 3602 1363 3663 Hoc

414 3700 548 3764 fortasse
570 3713 706 3779 sanctus,
728 3713 760 3765 et
780 3713 871 3764 tanta
890 3700 979 3785 prole
1000 3700 1117 3785 dignus
1137 3716 1229 3788 pater
1249 3717 1362 3779 vester,

414 3803 504 3865 velut
533 3800 613 3864 alter
641 3801 754 3876 Jacob,
785 3801 994 3886 praesagiebat
1019 3802 1052 3866 in
1084 3803 1205 3888 Spiritu
1236 3805 1361 3880 Sancto,

413 3899 470 3987 qui
505 3920 562 3963 vos
599 3898 680 3962 sicut
713 3922 817 3976 suum,
849 3914 881 3965 et
912 3900 972 3965 sibi
1008 3913 1120 3965 notum
1156 3902 1291 3986 Joseph,
1328 3903 1360 3968 in

412 4001 554 4091 germine
569 4001 726 4066 virtutum
746 4004 1021 4082 succrescentium,
1040 4025 1121 4088 quas
1135 4003 1275 4080 videbat,
1296 4028 1362 4070 am-

411 4105 611 4194 plectebatur
633 4126 700 4189 prae
723 4105 858 4181 catenis,
881 4118 913 4169 et
934 4106 1001 4168 sere
1022 4103 1185 4189 usquead
1207 4104 1360 4169 invidiam

410 4208 545 4272 fratrum
573 4229 604 4270 se
632 4220 735 4271 totum
765 4206 952 4292 indulgebat
986 4204 1026 4281 ei,
1056 4226 1150 4290 quern
1177 4228 1196 4269 a
1223 4206 1361 4269 Domino

411 4320 542 4373 noverat
562 4308 776 4391 praeelectum,
792 4321 823 4372 et
839 4332 898 4393 pro
919 4307 1053 4372 aliorum
1077 4306 1177 4373 salute
1198 4330 1256 4393 per
1270 4330 1360 4394 pros-

410 4433 487 4495 pera
509 4420 542 4472 et
559 4407 700 4487 adversa,
723 4430 780 4492 per
803 4408 965 4471 infamiam
985 4422 1017 4472 et
1037 4408 1152 4474 bonam
1176 4409 1305 4485 famam,
1327 4409 1359 4472 in

410 4512 589 4598 principum
612 4510 746 4596 gratiam
771 4510 1044 4593 praemittendum.
1095 4511 1127 4573 Si
1151 4509 1280 4596 quidem
1306 4533 1361 4574 vos

407 4636 466 4699 pro
480 4613 618 4677 Domino
633 4625 665 4675 et
680 4612 818 4691 ecclesia,
828 4634 887 4698 pro
902 4624 992 4697 patre
1007 4627 1039 4677 ct
1055 4612 1208 4675 fratribus
1223 4613 1360 4696 gustatis

410 4712 449 4773 de
465 4711 562 4777 calice
584 4711 656 4787 isto,
672 4724 703 4774 et
724 4711 817 4775 etiam
839 4710 918 4774 citra
938 4710 1021 4774 sitim
1039 4711 1130 4776 vobis
1153 4711 1358 4797 absynthium

409 4811 612 4896 propinatum
637 4824 682 4875 est
707 4824 737 4875 et
758 4825 882 4877 acetum
899 4811 940 4874 ab
956 4811 1016 4889 bis,
1033 4812 1089 4896 qui
1115 4812 1205 4876 nobis
1227 4813 1356 4876 miscent
