3300 6434
346 1259 455 1333 llud]
732 1277 909 1321 amaruan.
1231 1268 1290 1326 aul

344 1426 566 1503 cohabitatrix,
578 1426 665 1509 qnod
677 1447 795 1489 nomen
808 1428 981 1491 meretricis
992 1438 1052 1506 est,
1063 1430 1297 1514 interpretatur,

344 1537 399 1589 aut
421 1529 528 1590 fluxus
551 1548 661 1600 vanus
686 1528 761 1610 qnia
783 1548 869 1590 more
892 1530 1105 1604 meretricum,
1123 1552 1196 1614 quae
1220 1554 1297 1596 con·

344 1629 426 1691 vivia
451 1639 613 1692 sectantur
636 1637 669 1692 et
692 1631 850 1706 tabernas,
875 1651 909 1693 se
933 1631 1069 1695 luxuriae
1094 1634 1244 1716 primum,
1268 1647 1300 1697 et

347 1731 434 1792 omni
460 1729 664 1812 postmodum
689 1731 883 1812 turpitudini
913 1747 1118 1814 exponentes
1146 1756 1212 1797 non
1238 1736 1299 1797 nisi

345 1833 445 1907 fluxa,
467 1816 539 1893 cum
563 1831 679 1913 quibus
701 1840 734 1894 et
753 1832 816 1914 ipsi
839 1834 1041 1914 pereffluant,
1065 1845 1299 1914 consectantur,

345 1933 436 1997 utin
460 1941 623 1996 momento
646 1935 764 2016 pariter
785 1946 981 1998 evanescant
1007 1957 1081 1998 cum
1104 1938 1297 2001 vanitatibus

347 2034 423 2098 suis.

385 2138 452 2199 Vos
475 2137 571 2218 igitur
585 2136 653 2200 istis
675 2137 939 2218 increpatoribus,
954 2139 1051 2201 immo
1067 2139 1300 2202 detractoribus

347 2238 459 2300 vestris
488 2237 565 2320 quid
591 2235 736 2319 poteritis
765 2236 908 2298 modeste
936 2236 1152 2320 respondere?
1185 2259 1300 2321 nempe

349 2338 437 2420 quod
454 2337 705 2401 modestissimus
720 2346 751 2398 et
767 2337 986 2400 sanctissimus
1007 2337 1112 2401 David
1126 2339 1252 2401 intorsit
1266 2340 1301 2400 in

348 2440 576 2522 negligentiam
592 2438 709 2516 Abner,
727 2436 781 2521 qui
804 2438 838 2500 in
861 2438 960 2520 patris
979 2438 1143 2502 lucernam
1158 2441 1302 2517 vertitur,

349 2539 479 2623 quando
504 2540 632 2604 Saulem
656 2540 688 2602 in
713 2540 825 2603 castris
849 2539 1054 2602 dormientem
1083 2552 1190 2604 custos
1216 2563 1301 2604 som·

349 2643 499 2705 nolentus
523 2639 674 2724 exposuit
703 2641 862 2716 hostibus,
885 2640 974 2701 utin
1001 2651 1222 2721 argumentum
1245 2642 1301 2706 de·

350 2743 441 2805 sidiae
464 2743 608 2805 lanceam
632 2740 716 2819 regis
745 2752 778 2804 et
808 2741 966 2823 scyphum
990 2763 1081 2825 aquae
1102 2743 1261 2806 auferrent
1282 2764 1302 2806 a

350 2843 456 2925 capite
466 2842 546 2925 ejus,
556 2853 587 2905 et
596 2853 803 2925 asportarent.
821 2838 956 2904 Dicatur
964 2863 1040 2923 ergo
1048 2844 1301 2917 Herefordiensi,

350 2946 500 3027 quoniam
515 2944 585 3025 ipse
609 2943 715 3005 Saulis
732 2944 781 3004 sui
798 2953 907 3004 eustos
929 2953 988 3018 est,
1003 2952 1039 3005 ut
1052 2944 1151 3020 aiunt,
1166 2956 1198 3008 et
1216 2947 1303 3007 Lon·

351 3044 486 3115 dinensi,
517 3044 572 3125 qni
601 3062 621 3104 a
649 3062 774 3103 summo
808 3041 962 3125 pontifice
998 3042 1176 3105 custodiam
1206 3044 1319 3121 hanc,-

351 3164 451 3227 qunm
477 3163 497 3204 a
521 3141 598 3203 sede
620 3161 678 3202 sua
699 3140 847 3220 migraret
870 3140 904 3201 in
927 3140 1032 3218 aliam,
1050 3142 1194 3204 noscitur
1210 3163 1303 3206 acee-

352 3246 458 3328 pisse:
482 3242 607 3306 dicatur
622 3243 752 3323 inquam
767 3242 893 3325 utrique
909 3262 1028 3317 eorum,
1045 3245 1217 3327 Numquid
1238 3265 1303 3306 uon

351 3350 403 3410 uir
419 3354 452 3408 tu
468 3368 511 3423 es,
526 3353 558 3408 et
573 3346 747 3429 quisalius
764 3345 882 3406 similia
902 3346 952 3406 tui
966 3347 1003 3405 in
1021 3345 1154 3407 Israel?
1194 3348 1304 3419 Quare

352 3449 596 3511 concustodisti.
605 3448 772 3510 dominum
783 3467 888 3526 repem
901 3445 1020 3507 tuum?
1037 3446 1304 3524 VivitDominus,

353 3550 428 3632 quia
444 3550 501 3611 filii
518 3548 625 3610 mortis
648 3548 724 3610 estis
739 3567 805 3620 voe,
823 3546 880 3628 qui
902 3567 967 3607 non
983 3546 1168 3610 custodistis
1189 3548 1313 3610 Domi··

354 3671 429 3712 num
454 3663 603 3724 vestrum,
626 3647 787 3710 Christum
815 3646 958 3708 Domini.
1005 3647 1071 3710 Ubi
1101 3648 1185 3710 enim
1212 3650 1305 3713 hasta

354 3750 436 3829 regis
468 3748 600 3830 justitiae
630 3748 838 3810 directionem
872 3748 1068 3827 significans,
1101 3760 1134 3812 et
1163 3749 1304 3833 scyphus

356 3872 458 3934 aquae,
481 3870 535 3910 ras
562 3849 683 3911 scilicet
705 3848 785 3929 legis
811 3869 911 3930 purae,
935 3849 990 3931 qui
1013 3849 1116 3913 fuerat
1141 3850 1182 3913 ad
1207 3860 1306 3935 caput

356 3949 427 4033 ejus
446 3949 488 4012 ad
508 3949 702 4031 refrigerium
725 3949 830 4012 carnis
850 3959 883 4012 et
904 3949 1111 4013 refectionem
1127 3951 1256 4034 spiritus
1271 3953 1305 4014 in

357 4051 409 4113 siti
432 4048 511 4113 sua?
550 4049 661 4113 Sedet
682 4050 727 4112 illi
751 4050 904 4113 continuo
921 4052 1025 4114 verbis
1045 4053 1156 4114 Abner
1177 4052 1254 4114 fidei
1274 4063 1307 4115 et

357 4151 565 4216 sollicitudini
594 4164 705 4215 restrae
741 4163 774 4215 et
810 4152 1020 4234 increpationi
1057 4152 1307 4235 respondebunt,

357 4254 509 4317 dicentes.
542 4252 664 4319 Quiaes
676 4261 713 4315 tu
729 4255 787 4335 qui
802 4255 935 4328 clamas,
946 4259 977 4313 et
989 4254 1169 4336 iniquietare
1178 4254 1307 4333 repam?

358 4357 406 4416 Ac
421 4354 449 4416 si
464 4353 586 4428 dicant,
598 4354 772 4415 Permittite
783 4353 951 4415 nobiscum
966 4352 999 4413 in
1016 4362 1203 4435 contemptu
1217 4373 1307 4416 man·

359 4455 514 4528 datorum,
531 4464 563 4517 et
577 4455 823 4537 persequutione
844 4462 1027 4515 sanctorum
1049 4453 1186 4517 dormire
1200 4476 1307 4536 regem

360 4567 513 4629 nostrum,
530 4565 565 4617 ut
580 4575 652 4617 enm
673 4566 861 4636 pausantem
877 4554 922 4616 sie
938 4554 972 4615 in
988 4565 1174 4638 contemptu
1190 4556 1307 4621 divinae

358 4653 437 4736 legis
452 4655 668 4738 producamus
683 4663 715 4717 et
729 4653 941 4737 perducamus
957 4655 996 4717 ad
1013 4656 1171 4719 somnium
1188 4656 1309 4721 mortis.

406 4757 472 4817 Vos
486 4766 591 4816 tamen
616 4755 671 4837 qui
692 4753 930 4816 reminiscimini
947 4754 1080 4817 Domini
1102 4777 1143 4819 ne
1166 4758 1309 4835 taceatis,

361 4868 394 4919 et
417 4878 457 4919 ne
484 4856 565 4927 detis
591 4855 750 4918 silentium
776 4856 817 4931 ei,
845 4854 902 4918 sed
931 4857 1127 4938 exequimini
1154 4858 1242 4941 quod
1266 4861 1310 4923 ait
