3300 6434
349 1205 410 1265 108
604 1221 739 1266 Joarvnrs
756 1221 1032 1269 saansaaarausrs
1200 1210 1243 1289 [a.
1262 1228 1292 1271 n.

614 1481 838 1547 EPISTOLA
864 1482 1019 1545 LXXIX.

670 1624 790 1686 Formo
805 1623 971 1703 litigandi.

385 1760 440 1822 Ex
454 1756 606 1823 relatione
621 1757 737 1821 nobilis
753 1758 813 1821 viri
837 1755 969 1822 Ricardi
991 1759 1116 1823 comitis
1141 1759 1294 1824 Devoniae

341 1870 374 1923 et
389 1860 483 1923 Alani
498 1858 538 1922 de
562 1856 734 1940 Furnellis,
750 1861 806 1944 qui
827 1880 860 1922 se
875 1859 1061 1925 interfuisse
1086 1876 1228 1926 asserunt
1244 1864 1294 1940 iis,

342 1984 415 2048 quae
440 1972 556 2025 sanotae
581 1963 741 2026 memorioe
766 1962 806 2025 R.
827 1963 916 2045 prior
938 1974 1041 2027 vester
1066 1984 1163 2046 agens
1186 1966 1219 2026 in
1241 1986 1296 2027 ex-

342 2064 452 2127 tremis
480 2061 651 2149 disposuit,
677 2085 777 2149 nuper
802 2063 994 2148 accepimus,
1021 2063 1108 2148 quod
1139 2065 1294 2149 praesatus

342 2164 462 2230 amicus
477 2166 608 2230 Domini
623 2163 836 2249 interrogatus
851 2187 870 2228 a
885 2164 976 2229 vobis
991 2188 1086 2251 quem
1103 2165 1251 2242 fratrum,
1267 2168 1292 2231 si

342 2267 411 2352 ipse
426 2266 509 2332 forte
532 2268 564 2331 in
588 2266 655 2330 sata
676 2266 873 2343 concederet,
889 2266 948 2330 sibi
971 2266 1103 2333 duceret
1119 2268 1293 2354 subrogan-

343 2367 432 2443 dum,
441 2366 570 2429 sratrern
582 2364 754 2430 Ricardum
765 2388 804 2429 ex
815 2367 942 2429 nomine
951 2367 1139 2452 designavit,
1147 2370 1294 2448 suadens,

340 2480 372 2532 et
401 2467 465 2552 pia,
490 2488 557 2552 qua
585 2463 740 2549 praeditus
764 2478 845 2543 erat,
871 2466 1036 2544 modestia,
1062 2470 1123 2533 sub
1152 2471 1290 2555 imagine

342 2567 463 2633 consilii
489 2565 685 2652 praecipiena,
708 2577 745 2630 ut
770 2586 881 2629 omnes
907 2565 1007 2652 ipsius
1032 2568 1295 2655 obtemperaretis

342 2668 485 2734 arbitrio.
531 2666 775 2733 Observandum
805 2667 935 2752 quidem
966 2680 1034 2734 erat
1063 2672 1163 2734 sancti
1193 2673 1293 2756 patris

342 2772 541 2853 mandatum,
563 2770 738 2859 praesertim
765 2770 848 2835 illud
873 2771 960 2857 quod
986 2770 1128 2837 dictabat
1152 2775 1293 2860 Spiritus

343 2879 415 2941 Deo
436 2873 561 2959 plenus,
583 2895 682 2960 quum
706 2872 747 2937 de
769 2872 873 2938 carnis
893 2873 1056 2958 ergastulo
1077 2874 1227 2961 migraret
1250 2877 1291 2940 ad

343 2976 516 3042 Christum.
561 2976 657 3039 Nunc
671 2986 790 3056 autern,
805 2974 887 3040 sicut
903 2997 960 3040 nos
973 2980 1015 3041 ab
1029 2978 1292 3044 intermeantibus

342 3079 382 3144 de
403 3098 488 3143 novo
510 3077 666 3163 accepisse
688 3076 845 3153 dolemus,
860 3092 933 3163 post
956 3092 1088 3145 mortem
1112 3082 1210 3146 sancti
1233 3082 1291 3145 viri

342 3180 496 3269 expetivit
511 3202 568 3243 vos
588 3179 753 3259 Satbanas,
770 3192 807 3243 ut
829 3202 886 3266 per
909 3181 1042 3245 Petrum
1065 3182 1106 3245 de
1129 3184 1289 3257 Tantone,

341 3296 374 3349 et
392 3279 590 3345 Willelmum
604 3279 733 3344 fratrem
757 3281 838 3364 ejus,
855 3302 912 3344 vos
934 3280 966 3343 in
981 3281 1087 3345 cribro
1102 3280 1233 3348 ventilet
1250 3283 1290 3347 le-

344 3384 462 3461 vitatis,
478 3396 511 3449 et
531 3380 639 3468 ejectis
660 3379 866 3466 parietibuse
885 3381 1024 3467 regione,
1040 3403 1121 3459 eam,
1137 3407 1233 3468 quam
1257 3386 1291 3449 in

341 3487 431 3552 vobis
457 3498 585 3550 sanctus
609 3497 701 3570 pater
722 3482 926 3560 fundaverat,
950 3482 1073 3549 scindat
1100 3496 1132 3549 et
1158 3484 1292 3573 dissipet

344 3589 508 3652 unitatem.
546 3586 644 3652 Plane
659 3585 854 3673 quicumque
865 3586 925 3650 hoc
936 3583 1122 3662 moliuntur,
1134 3603 1289 3673 quantum

341 3690 374 3751 ia
396 3688 473 3771 ipsis
494 3697 552 3763 est,
569 3689 735 3753 Christum
758 3689 970 3753 exterminant
994 3688 1161 3754 demedio
1184 3693 1291 3758 vestri.

345 3784 508 3866 Siquidem
532 3784 564 3843 in
592 3786 767 3850 sanctitatis
792 3800 824 3851 et
845 3790 983 3873 justitiae
1009 3813 1087 3875 pace
1112 3791 1218 3857 factus
1243 3807 1292 3859 est

341 3884 432 3947 ¹⁰⁰⁰⁸
446 3880 527 3966 ejus,
543 3878 609 3941 tine
632 3901 697 3962 qua
719 3903 811 3945 nemo
833 3885 954 3951 videbit
979 3890 1164 3954 Dominum.
1211 3893 1293 3957 Inde

342 3995 389 4048 est
416 3979 503 4068 quod
530 3976 728 4043 universitati
755 3992 868 4044 vestras
894 3983 927 4045 in
953 3986 1073 4049 virtute
1102 3988 1292 4056 obedientiae

341 4082 556 4174 praecipiendo
582 4078 780 4159 mandamus,
804 4092 965 4166 quatenus
989 4084 1080 4148 fratri
1108 4104 1292 4170 memorato,

341 4210 438 4276 quem
455 4185 545 4252 vobis
559 4195 650 4270 pater
665 4181 819 4247 decedens
835 4183 953 4269 praefici
969 4183 1085 4263 voluit,
1097 4186 1128 4250 in
1143 4190 1292 4256 omnibus

343 4315 416 4378 quas
439 4287 480 4352 ad
506 4283 680 4351 Dominum
706 4295 780 4348 sunt
795 4282 931 4349 fideliter
953 4284 1120 4366 obediatis,
1136 4287 1236 4353 donec
1259 4291 1291 4356 in

342 4392 472 4457 ecclesia
494 4387 679 4463 Exoniensi,
700 4386 751 4450 cui
774 4385 890 4450 domus
912 4401 1025 4454 vestrae
1056 4389 1203 4456 custodia
1231 4391 1291 4458 du-

344 4493 419 4582 plici
430 4494 515 4578 jure,
527 4488 741 4576 spiritualium
757 4501 790 4553 et
805 4490 1039 4575 temporalium,
1055 4492 1221 4558 commissa
1232 4506 1291 4572 est,

341 4609 468 4661 auctore
495 4591 633 4657 Domino
663 4592 819 4676 possimus
848 4591 995 4655 ordinare
1026 4606 1196 4677 pastorem,
1223 4600 1292 4661 sine

345 4696 438 4780 cujus
462 4692 648 4781 praejudicio
669 4692 793 4758 interim
816 4693 877 4778 hoc
897 4694 1101 4780 praecipimus
1120 4698 1291 4764 observari.

346 4802 384 4864 In
401 4821 453 4861 eos
474 4808 580 4860 autern
596 4794 651 4879 qui
675 4795 800 4879 praefati
823 4795 938 4881 prioris
960 4795 1156 4882 dispositioni
1181 4800 1292 4864 adver-
