3300 6434
311 1135 505 1220 1159-64.]
700 1154 881 1200 semrom.
1199 1140 1257 1203 121

307 1330 444 1395 cumque
455 1307 515 1372 sibi
524 1328 583 1392 per
598 1318 629 1370 te
644 1304 728 1368 sorte
742 1302 851 1368 ablata
865 1316 951 1379 sunt,
961 1303 1090 1368 omuino
1102 1306 1260 1388 absolvas,

305 1425 337 1476 et
359 1410 494 1475 liberum
517 1408 606 1473 abire
628 1407 807 1494 permittas.
853 1404 993 1479 Quodsi
1018 1406 1146 1471 effectui
1170 1432 1260 1474 man·

305 1512 410 1598 cipare
439 1509 627 1597 neglexeris,
658 1508 838 1594 neglectum
869 1521 962 1573 tuum
992 1529 1054 1571 non
1081 1510 1258 1594 poterimus

305 1614 438 1678 tolerare
447 1613 653 1698 impunitum.
697 1609 752 1674 Ad
768 1623 941 1675 nosautem
957 1609 1002 1673 sic
1017 1609 1099 1673 idem
1111 1611 1257 1696 pontifex

305 1715 442 1801 scripsit,
454 1715 536 1779 sicut
548 1735 586 1777 ex
601 1712 790 1798 transcripto
802 1712 978 1779 litterarum
991 1726 1171 1778 nostrarum
1183 1737 1259 1801 eog-

305 1838 434 1880 noscere
448 1815 605 1903 poteritis.
710 1807 712 1811 ¹

352 1917 532 1983 Venerabili
549 1916 640 1981 fratri
656 1930 766 1982 nostro
787 1917 930 1982 Henrico
944 1914 1155 1981 Wintoniensi
1177 1918 1261 2004 epis-

308 2043 387 2106 eopo
409 2041 467 2105 per
488 2018 661 2104 apostolica
683 2019 801 2104 scripta
823 2015 1039 2103 precipiendo
1061 2019 1261 2099 mandamus,

307 2121 460 2208 quatinus
492 2123 536 2184 H.
564 2121 605 2184 de
637 2119 858 2183 Hameledona
886 2122 1015 2183 omnino
1043 2119 1199 2200 absolvat,
1227 2135 1260 2186 et

307 2223 443 2288 liberum
459 2222 546 2288 abire
560 2220 736 2307 permittat.
781 2220 878 2295 Quod
894 2219 919 2284 si
939 2221 1065 2286 effectui
1082 2223 1260 2309 mancipare

307 2324 494 2410 neglexerit,
519 2323 720 2410 praesentium
750 2322 940 2387 auctoritate
971 2323 1029 2386 tibi
1058 2323 1258 2401 mandamus,

308 2425 396 2511 quod
418 2426 552 2490 eundem
577 2425 707 2489 fratrem
731 2436 874 2489 nostrum
898 2424 939 2488 ad
962 2424 1195 2490 absolutionem
1224 2440 1257 2492 et

307 2528 524 2592 liberationem
549 2527 650 2613 ipsius
667 2527 811 2607 Henrici,
822 2525 964 2591 districte
980 2528 1048 2591 vice
1063 2542 1171 2593 nostra
1185 2551 1259 2594 con·

308 2630 452 2713 stringas.

351 2733 419 2796 Nos
433 2754 511 2817 ergo
522 2730 673 2795 mandato
688 2729 873 2816 apostolico,
889 2745 926 2794 ut
938 2732 1092 2816 oportuit,
1108 2749 1258 2820 prompta

308 2833 474 2898 devotione
485 2847 646 2918 parentes,
661 2835 902 2919 procuravimus
916 2847 953 2897 ut
965 2834 1155 2918 saepedictus
1168 2838 1258 2901 Hen-

310 2935 405 3014 ricus,
421 2947 454 2999 et
468 2935 509 2999 ab
524 2948 650 3000 extorta
664 2934 859 3021 obligatione
874 2936 1050 3011 absolutus,
1065 2950 1097 3000 et
1112 2940 1259 3005 custodia

310 3060 376 3122 qua
398 3050 505 3101 tentus
516 3037 632 3117 fuerat,
644 3037 723 3102 liber
738 3051 830 3117 esset,
844 3051 876 3102 et
894 3038 1029 3123 praelato
1043 3040 1134 3104 fratri
1150 3057 1258 3107 nostro

310 3140 1259 3230 Wiutoniensisecundumformamapostolicaepraeceptionis

308 3240 518 3327 injunximus,
543 3255 578 3306 ut
599 3242 629 3306 ei
651 3241 758 3307 ablata
781 3242 888 3306 omnia
908 3265 981 3306 cum
1004 3243 1187 3327 integritate
1208 3267 1259 3307 re·

309 3346 438 3407 stituere
452 3365 514 3406 non
530 3342 683 3407 differret.
713 3346 795 3406 Haec
806 3339 895 3426 apud
905 3363 963 3404 nos
978 3355 1068 3426 gesta
1078 3357 1162 3407 sunt.
1194 3345 1258 3410 Vos

309 3444 363 3528 qui
386 3443 571 3508 mandatum
599 3443 792 3528 suscepistis,
815 3455 946 3506 auctore
972 3444 1112 3506 Domino
1136 3445 1259 3532 reliqua

310 3543 481 3608 salubriter
495 3543 682 3629 disponetis.

322 3715 548 3780 EPISTOLA
571 3716 862 3780 LXXXVII.-an
877 3735 1106 3782 anamunnuu
1120 3737 1241 3785 rasam.

355 3832 494 3898 Causam
503 3833 665 3920 quaeinter
674 3836 836 3918 Rogerum
850 3835 1072 3922 presbyterum
1084 3835 1123 3901 de
1134 3837 1258 3923 Guiga,

310 3948 341 3998 et
356 3935 548 4001 abbatissam
569 3936 609 4000 de
633 3935 810 4023 Berkinges
833 3937 865 4001 in
888 3937 1048 4004 auditorio
1071 3941 1259 4007 venerabilis

309 4037 418 4103 fratris
433 4041 533 4104 nostri
552 4039 780 4104 londoniensis
791 4039 931 4126 episcopi
943 4039 1064 4104 diutius
1076 4063 1171 4125 quam
1184 4063 1259 4105 con-

310 4139 455 4204 veniebat
471 4141 624 4206 ventilata
638 4153 699 4217 est,
720 4163 821 4225 quum
844 4140 872 4203 ei
895 4140 1072 4205 diffinitivae
1095 4143 1259 4210 sententiaa

310 4240 449 4305 calculus
464 4241 653 4316 immineret,
669 4240 828 4304 abbatissa
843 4264 918 4326 quae
939 4242 1186 4307 conveniebatur
1205 4267 1258 4310 su-

311 4363 369 4425 per
395 4340 505 4406 illicita
530 4342 738 4426 usurpatione
760 4343 972 4427 quorumdam
996 4346 1258 4430 parochianorum

310 4456 342 4507 et
358 4442 550 4506 decimarum
573 4443 614 4507 ad
638 4442 798 4506 ecclesiam
816 4443 857 4507 de
880 4445 999 4530 Guiga,
1023 4459 1059 4511 ut
1081 4447 1259 4528 dicebatur,

309 4545 546 4631 pertinentium,
562 4544 602 4609 ad
618 4559 755 4609 nostram
767 4545 963 4611 audientiam
978 4548 1160 4634 appellavit.
1183 4555 1258 4620 Post

309 4647 427 4712 multas
441 4648 552 4734 itaque
566 4647 733 4712 dilationes
753 4672 835 4736 quas
859 4649 953 4714 variis
972 4652 1188 4719 occasionibus
1201 4657 1258 4721 ab·

309 4749 426 4815 batissa
441 4751 634 4829 obtinuerat,
650 4753 863 4838 peremptoria
884 4752 935 4817 die
951 4753 1081 4838 praefixa
1104 4758 1258 4841 partibus,
