3300 6434
526 993 588 1052 tro
785 1004 921 1049 Joruurs
937 1002 1218 1047 sanasansrsusrs
1384 985 1433 1065 [s.
1449 1002 1489 1048 n.

550 1283 771 1347 EPISTOLA
795 1274 1047 1346 emolu-in
1062 1284 1209 1344 unousu
1224 1297 1460 1343 csurnsmmr-

670 1402 737 1447 suu
753 1400 1060 1447 sacnramscorou.
1108 1380 1152 1461 [s.
1172 1400 1203 1445 n.
1223 1380 1333 1460 1166]

531 1536 665 1600 Tlomae
695 1536 924 1598 Cautuorieusi
948 1532 1321 1612 archiepiscopicum.
1353 1466 1487 1594 Saresd.

569 1636 716 1700 Salutem
730 1642 763 1697 et
782 1633 964 1712 corisortori
985 1633 1021 1693 iu
1042 1648 1079 1692 eo
1101 1629 1159 1710 qui
1179 1629 1321 1710 dissipet
1340 1629 1485 1691 cornilio

565 1738 722 1816 gentium,
733 1743 765 1797 et
778 1735 955 1814 impiorum
966 1739 1101 1794 couotm
1114 1739 1250 1792 evocem
1262 1738 1296 1793 et
1302 1737 1487 1810 potestates

566 1838 690 1900 euertit.
1041 1840 1045 1848 '

566 1974 695 2035 Racaar
718 1992 820 2055 nuper
846 1973 969 2036 litteras
994 1970 1193 2055 paternitatis
1216 1978 1337 2045 restrae,
1359 1968 1485 2051 quibus

522 2071 696 2156 praecipitis
711 2082 746 2135 ut
761 2072 851 2134 vobis
867 2072 1038 2134 rescribam
1055 2070 1143 2154 quod
1158 2069 1236 2132 mihi
1252 2068 1353 2130 risum
1369 2067 1482 2146 suerit,

522 2172 677 2257 inspectis
692 2171 806 2237 litteris
821 2173 944 2236 domini
959 2172 1208 2236 saresberiensis
1229 2180 1261 2234 st
1282 2168 1422 2232 Joannis
1438 2169 1483 2233 de

521 2272 709 2336 Oxenesord
732 2283 764 2336 et
788 2272 937 2355 Magistri
963 2272 1094 2335 Hervoei
1122 2282 1156 2335 et
1186 2270 1308 2335 domini
1336 2269 1481 2334 Nicolai.

521 2373 605 2434 Puer
619 2382 727 2435 autem
741 2393 847 2456 neque
858 2374 881 2437 J
881 2392 1004 2436 oannes
1019 2393 1124 2457 neque
1136 2373 1292 2453 Magister
1308 2372 1484 2450 Herraeus,

520 2493 600 2555 quas
615 2473 786 2555 plurimum
802 2470 949 2534 desidero
964 2471 1085 2534 litteras
1099 2470 1239 2548 tradidit,
1255 2470 1312 2534 sed
1334 2482 1481 2534 mentem

516 2572 653 2634 loannis
668 2593 710 2634 ex
726 2570 837 2634 vestris
857 2582 889 2633 et
911 2570 1066 2653 episcopi,
1082 2580 1115 2632 et
1130 2568 1272 2651 Capituli
1295 2570 1480 2634 Saresberi·

517 2675 605 2737 ensis
620 2675 712 2737 facile
728 2686 777 2736 est
791 2692 976 2753 agnoscere.
1025 2671 1160 2736 Electus
1176 2692 1248 2734 vero
1266 2673 1481 2738 Camotensis

518 2774 595 2858 quid
616 2776 707 2838 vobis
728 2772 956 2855 significaverit
977 2772 1099 2850 nescio,
1115 2772 1191 2856 quia
1212 2772 1245 2834 in
1268 2772 1380 2836 litteris
1402 2774 1480 2857 ejus

516 2875 598 2938 nibil
628 2875 716 2939 aliud
745 2875 937 2951 continetur,
966 2873 1027 2935 nisi
1057 2883 1094 2936 ut
1123 2872 1293 2936 Vincentio
1324 2873 1480 2940 credatis.

518 2978 594 3040 Hoc
617 2998 692 3058 ergo
714 2976 815 3040 defuit
842 2974 1047 3038 instructioni
1072 2994 1165 3050 meae,
1186 2973 1275 3058 quod
1300 2974 1480 3057 plurimum

517 3079 718 3160 appetebam,
750 3089 781 3140 et
810 3074 898 3158 quod
927 3075 1010 3139 scitu
1040 3074 1262 3156 dignissimum
1293 3087 1351 3154 est,
1376 3097 1478 3143 nosse

517 3177 665 3241 videlicet
691 3176 830 3259 qualiter
855 3174 984 3256 negotia
1006 3183 1109 3237 vestra
1135 3185 1322 3258 prosperata
1347 3177 1412 3239 siut
1439 3179 1478 3242 in

516 3300 612 3342 manu
642 3276 789 3359 Magistri
820 3273 950 3339 Herraei
979 3285 1012 3336 et
1050 3296 1146 3358 quam
1176 3296 1274 3358 opem
1306 3274 1478 3361 naufragio

514 3380 674 3444 Ecclesiae
683 3379 868 3458 Anglicanae
879 3376 972 3440 sedes
982 3377 1232 3461 apostolica,pro
1243 3399 1308 3461 qua
1317 3381 1474 3462 patimur,

514 3481 689 3544 decreverit
716 3475 880 3561 impertiri,
906 3477 982 3541 inde
1009 3478 1094 3540 enim
1123 3481 1286 3561 oportebit
1310 3483 1473 3547 cautelam

514 3576 641 3642 consilii
655 3578 842 3669 informare,
865 3591 900 3642 ut
925 3579 1022 3663 juxta
1044 3580 1230 3660 parobolam
1252 3578 1473 3665 evangelicam

512 3680 620 3742 turrim
637 3677 709 3759 quis
725 3677 940 3741 aedificaturus
953 3679 1069 3751 sedens
1084 3693 1233 3763 sumptus
1248 3695 1424 3766 computet,
1438 3697 1474 3748 et

512 3802 586 3843 curn
609 3798 681 3859 rege
705 3796 932 3856 congressurus
954 3776 1065 3859 copias
1088 3799 1162 3840 suns
1186 3779 1273 3842 domi
1295 3799 1474 3864 recenseat,

511 3904 552 3945 ne
568 3878 676 3961 magni
692 3876 870 3940 conaminis
885 3886 941 3938 sut
951 3875 1173 3938 ostentationis
1188 3878 1295 3941 subita
1306 3889 1338 3941 et
1353 3880 1470 3944 incon·

512 3983 651 4046 siderata
674 3977 883 4061 presumptio
905 3974 980 4039 risui
1003 3986 1057 4038 aut
1083 3974 1183 4038 ruinae
1205 3978 1339 4060 turpiter
1365 4001 1470 4062 expo·

512 4094 615 4148 natur.

554 4187 625 4247 Nec
640 4183 702 4245 hoc
719 4180 865 4257 dixerim,
882 4180 970 4263 quod
985 4180 1168 4244 Ecclesiam
1189 4176 1378 4259 Romanam,
1395 4187 1467 4265 spei

508 4295 626 4350 nostrae
640 4281 884 4346 fundamentum
900 4281 1032 4344 arbitrer
1052 4281 1264 4357 statuendam,
1279 4283 1336 4345 sed
1358 4284 1467 4366 ipsum
1510 4359 1511 4362 Ἴ

507 4389 620 4463 solum,
636 4404 731 4467 super
748 4403 813 4465 quo
829 4391 862 4445 et
877 4382 932 4444 illa
947 4380 1078 4445 lundata
1102 4394 1160 4457 est,
1177 4395 1210 4445 et
1230 4383 1263 4445 in
1287 4405 1351 4466 quo
1375 4405 1467 4466 quae-

416 4554 427 4570 ‚
505 4489 586 4549 libet
600 4505 696 4568 opera
715 4483 853 4545 fideliter
875 4481 1015 4545 radicata
1031 4482 1227 4545 convalescit
1250 4483 1291 4545 ad
1316 4484 1468 4562 fructum,

507 4598 539 4649 et
561 4592 797 4647 consummatur
822 4583 855 4644 in
883 4582 992 4662 gloria.
1039 4581 1099 4643 ille
1127 4583 1212 4645 enim
1238 4584 1332 4646 nobis
1359 4585 1460 4648 sitin
