3300 6434
356 1244 551 1324 risu-61]
738 1263 916 1307 sersronn.
1259 1250 1298 1308 61

353 1411 555 1489 Lexoviensi,
571 1428 602 1480 et
618 1416 737 1478 «Ioanni
751 1414 792 1477 de
808 1410 988 1477 Saresberio
999 1434 1079 1496 quos
1093 1411 1300 1498 elcemosynae

351 1529 467 1580 uostrae
492 1517 713 1602 dispensandas
738 1516 955 1602 praefecimus:
994 1513 1197 1599 praecipimus
1225 1536 1301 1598 ergo

352 1616 440 1700 quod
462 1617 503 1681 ab
525 1617 619 1681 initio
640 1615 855 1701 dispositionis
879 1627 996 1680 nostrae
1026 1614 1244 1701 praecepimus,
1267 1628 1300 1681 et

350 1716 497 1780 omnibus
508 1716 660 1779 ministris
675 1730 707 1779 et
720 1713 867 1779 fidelibus
882 1715 1009 1794 nostris,
1020 1737 1077 1799 per
1092 1714 1186 1778 fidem
1203 1738 1300 1801 quam

350 1816 442 1879 nobis
457 1814 586 1892 debent,
601 1814 811 1899 injunximus,
823 1827 860 1879 ut
875 1814 946 1880 istis
960 1816 1192 1900 obtemperent,
1207 1828 1239 1879 et
1254 1818 1301 1881 eis

348 1916 453 1979 omnia
468 1929 576 1979 nostra
590 1929 762 2001 exponant,
776 1930 807 1981 et
825 1916 942 1980 amicos
965 1915 1027 1980 Dei
1049 1938 1157 1979 omnes
1180 1916 1301 2003 suppli-

349 2018 426 2081 citer
440 2039 618 2092 exoramus,
636 2030 673 2080 ut
695 2038 753 2103 pro
776 2015 990 2080 misericordia
1012 2017 1142 2082 Domini
1158 2019 1301 2102 omnipo-

349 2117 455 2194 tentis,
477 2117 522 2180 eis
543 2116 696 2181 auxilium
720 2128 752 2177 et
774 2113 939 2179 consilium
962 2114 1135 2200 praebeant.
1181 2117 1299 2179 Omnes

349 2231 455 2282 autem
471 2218 527 2301 qui
543 2217 574 2281 in
590 2216 734 2301 praefatis
751 2236 927 2301 pauperum
944 2215 1041 2279 rebus
1055 2213 1200 2279 fraudem
1215 2237 1300 2279 com-

349 2319 490 2395 mittent,
501 2328 559 2381 aut
570 2317 639 2402 qui,
652 2338 717 2401 quo
729 2317 834 2378 miuus
845 2314 1010 2400 dispositio
1021 2327 1127 2379 nostra
1138 2316 1300 2401 procedat,

351 2418 536 2503 impedient,
550 2415 761 2481 anathematis
776 2416 931 2479 sententia
945 2402 1235 2493 condemnavimus,
1251 2417 1299 2502 ip-

350 2522 441 2607 sique
455 2520 602 2585 officiales
617 2518 712 2601 regis,
730 2519 756 2581 si
773 2541 805 2582 se
821 2517 1021 2601 dispositioni
1039 2522 1160 2582 ‘nostrae
1174 2534 1299 2604 pertur-

350 2622 465 2688 bandae
476 2623 715 2695 immiscuerint,
726 2642 758 2684 se
767 2618 910 2684 fidelium
922 2620 1141 2684 mmmunione
1153 2624 1299 2685 noverint

348 2747 415 2789 esse
430 2724 582 2809 privatos,
598 2737 630 2786 ct
646 2737 797 2806 tanquam
814 2721 971 2807 sacrilegi,
987 2735 1018 2785 et
1034 2722 1297 2787 excommunicati

346 2827 387 2890 ab
399 2826 530 2891 introitu
543 2824 683 2888 omniurn
695 2822 895 2887 ecclesiarum
907 2824 1099 2887 abstineant.
1139 2824 1298 2890 Omnibus

347 2942 452 2993 autem
478 2924 692 3010 dispositionis
718 2937 835 2988 nostras
864 2923 1078 3009 adjutoribus,
1105 2925 1297 2990 benedictio·

347 3047 417 3088 nem
434 3024 564 3090 Domini
580 3034 611 3087 et
625 3035 766 3087 nostram
782 3022 906 3097 damus,
922 3037 953 3087 et
969 3023 1053 3109 ipsos
1073 3024 1296 3090 beneficiorum

347 3138 464 3191 sanctae
477 3124 717 3189 Cantuariensis
728 3123 867 3188 ecclesiae
882 3124 1052 3210 participes
1063 3127 1295 3205 constituimus,

346 3228 456 3314 eisque
470 3226 512 3290 de
526 3227 670 3313 injuncta
689 3225 748 3289 sibi
772 3224 959 3311 poenitentia
981 3231 1023 3290 40
1045 3224 1169 3290 dicrum
1191 3227 1298 3292 indul-

346 3329 486 3411 gentiam
514 3328 658 3392 facimus.
705 3325 864 3392 Praeterea
889 3350 928 3389 ex
955 3335 1046 3411 parte
1070 3328 1296 3412 omnipotentis

347 3429 478 3494 Domini
501 3442 533 3494 et
548 3431 609 3494 sub
624 3430 823 3494 anathemate
845 3428 1075 3504 interdicimus,
1091 3451 1129 3491 ne
1145 3430 1216 3514 quis
1230 3430 1296 3493 offi-

346 3532 472 3596 cialium
489 3530 608 3595 domini
631 3531 714 3615 regis
729 3530 768 3593 ad
792 3551 853 3607 res,
870 3552 943 3613 quae
966 3528 1105 3613 propriis
1127 3529 1294 3595 monacho-

345 3655 417 3696 rum
434 3633 674 3696 Cantuariensis
689 3631 830 3693 ecciesiae
844 3627 954 3693 usibus
968 3628 1081 3692 dicatoe
1097 3642 1182 3710 sunt,
1197 3644 1295 3697 teme-

345 3736 448 3798 rantia
461 3754 588 3796 manum
602 3744 773 3817 prasumat
783 3729 965 3807 extendere,
975 3729 1029 3794 sed
1040 3730 1176 3797 babeant
1186 3756 1295 3801 omnes

343 3853 394 3895 res
415 3853 488 3896 suae
510 3831 541 3895 in
568 3855 606 3896 ea
630 3832 825 3914 integritate,
848 3841 880 3894 et
903 3828 1061 3910 libertate,
1083 3855 1145 3916 qua
1167 3834 1292 3900 easdem

344 3933 421 4017 ipsis
443 3932 560 3996 domini
584 3956 677 4019 papae
696 3944 728 3995 et
750 3945 859 3995 nostro
882 3930 1046 4018 privilegio
1067 3932 1200 3998 fecimus
1219 3958 1294 4000 con·

344 4034 470 4099 firmari.
517 4034 567 4100 Ad
590 4034 659 4098 hoec
680 4033 741 4097 sub
763 4033 874 4097 eodem
896 4034 1108 4109 anathemate,
1126 4048 1293 4115 terrarum,

342 4136 747 4222 quaeadarchiepiscopum
757 4135 930 4221 pertinent,
940 4156 1063 4197 omnem
1074 4133 1293 4202 alienationem

343 4235 410 4300 fieri
439 4235 656 4320 prohibemus,
682 4249 713 4298 et
744 4234 882 4310 excidia,
908 4245 941 4296 et
971 4232 1087 4297 damna
1116 4257 1292 4316 nemorum,

343 4331 443 4395 donec
465 4334 557 4396 nobis
579 4355 738 4396 successor
759 4332 963 4415 subrogetur,
980 4333 1039 4395 nisi
1061 4348 1219 4416 quantum
1241 4360 1295 4402 nes

344 4430 497 4496 cessarius
511 4432 649 4496 ecciesiae
662 4431 803 4515 exegerit
818 4454 907 4507 usus,
922 4435 970 4495 vel
986 4432 1134 4497 dominus
1149 4456 1206 4500 rex
1221 4460 1295 4523 pro-

343 4531 414 4612 prio
437 4554 491 4595 ore
516 4533 716 4616 praeceperit,
742 4531 791 4593 vel
818 4529 1033 4593 misericordia
1057 4530 1195 4598 discreta
1219 4553 1292 4601 cum

345 4632 571 4710 moderatione,
595 4655 771 4719 pauperum
798 4629 963 4695 hominum
990 4635 1167 4699 necessitati
1189 4636 1295 4703 indul-

345 4735 431 4799 serit.
484 4733 552 4798 Sub
581 4734 691 4798 eadem
722 4756 852 4820 quoque
887 4731 1141 4799 interminatione
1175 4739 1293 4805 clericis

344 4837 546 4921 episcopatus
560 4838 661 4902 nostri
683 4834 890 4921 probibemus
904 4832 1054 4903 indebitis
1075 4840 1294 4905 exactionibus
