3300 6434
349 1269 543 1347 1165-66.]
753 1283 933 1329 nrrsroca.
1236 1264 1299 1324 209

344 1441 514 1522 superbam
545 1436 773 1520 professionem
799 1434 967 1516 sapientiae
994 1430 1055 1498 Dei
1082 1432 1238 1518 sapientia
1266 1446 1299 1495 et

345 1539 462 1604 virtute
478 1538 618 1602 destitui.

389 1642 555 1722 Quiaergo
565 1639 605 1703 (le
615 1662 747 1703 numero
756 1641 909 1704 librorum
919 1639 1060 1703 diversas
1069 1637 1300 1719 etmultiplices

346 1752 471 1827 patrum
486 1742 558 1823 lego
573 1742 761 1815 sententiaa,
775 1740 953 1805 Catholicae
964 1741 1123 1803 Ecclesiae
1135 1738 1299 1802 doctorem

347 1843 580 1925 Hieronymum
590 1862 842 1924 sequens,quem
851 1840 1220 1904 inconstrnendolitterae
1230 1838 1299 1901 sun·-

348 1945 499 2007 damento
511 1943 771 2025 probatissimum
787 1943 903 2020 habeo,
915 1943 998 2006 sicut
1009 1952 1134 2007 constat
1144 1961 1214 2004 esse
1227 1939 1300 2002 xxii

346 2044 468 2106 litteras
482 2044 706 2117 Hebraeorum,
717 2043 764 2106 sic
779 2042 851 2105 xxii
867 2042 966 2105 libros
978 2043 1091 2105 veteris
1101 2039 1299 2103 Testamenti

347 2146 380 2208 in
398 2146 499 2208 tribus
514 2144 682 2207 distinctos
698 2143 865 2207 ordinibus
879 2143 1098 2206 indubitanter
1113 2142 1219 2206 credo.
1256 2142 1301 2205 Et

347 2246 470 2329 primus
486 2244 616 2329 quidem
633 2243 710 2306 ordo
726 2244 981 2308 Pentateuchum
994 2245 1146 2321 continet,
1158 2243 1301 2327 quinque

349 2347 474 2410 scilicet
488 2348 585 2409 libros
600 2345 710 2429 Moysi
726 2345 772 2408 sic
788 2366 847 2428 pro
868 2353 1137 2409 sacramentorum
1153 2344 1302 2408 varietate

350 2449 480 2524 divisos,
509 2459 542 2511 et
570 2448 596 2510 si
627 2448 813 2511 continuam
845 2446 884 2511 de
915 2447 1046 2512 historia
1075 2456 1202 2510 constet
1231 2466 1303 2508 esse

349 2550 525 2613 materiam.
572 2549 617 2612 Hi
630 2560 704 2612 sunt
719 2547 1026 2627 Genesis,Exodua,
1038 2549 1210 2625 Leviticus,
1221 2547 1303 2610 liber

349 2653 572 2730 Nummorum,
580 2647 876 2715 Deuteronomium.
901 2650 1304 2715 Secundusordocontinet
1346 2729 1349 2733 ⁴

348 2752 544 2836 prophetias,
571 2763 603 2816 et
629 2760 702 2817 octo
728 2752 818 2816 libris
849 2754 1007 2837 expletur,
1032 2754 1088 2837 qui
1116 2773 1214 2837 quare
1235 2772 1302 2835 prm

350 2855 473 2917 caeteris
485 2853 631 2917 dicantur
641 2855 830 2937 prophetiae,
840 2876 937 2938 quum
951 2853 1050 2939 aliqui
1060 2876 1171 2918 eorum
1182 2853 1302 2917 nudam

350 2956 463 3019 referre
486 2955 653 3018 rideantur
667 2956 840 3029 historiam,
857 2953 957 3019 etalii
977 2958 1176 3040 prophetiam
1193 2968 1304 3020 texen-

349 3067 409 3129 tes,
425 3056 508 3119 sicut
522 3055 651 3132 Daniel,
666 3056 812 3139 liberque
829 3055 1040 3134 Psalmorum,
1054 3057 1088 3119 in
1104 3057 1304 3140 propheticis

352 3178 417 3220 non
428 3168 619 3221 censeantur
629 3156 792 3242 operibus,
800 3178 861 3221 nec
873 3157 907 3220 in
917 3158 1093 3241 quastione
1105 3158 1305 3242 propositum

352 3270 411 3334 est,
427 3278 488 3321 nec
510 3259 672 3343 temporis,
689 3268 745 3321 aut
766 3258 898 3322 schedae
913 3261 1060 3341 angustia
1081 3281 1167 3324 nuuc
1186 3260 1305 3343 patitur

352 3360 528 3442 explicare,
550 3358 607 3422 sed
630 3382 690 3424 uec
714 3360 866 3424 instantia
889 3363 1063 3444 portitoris.
1107 3360 1147 3424 In
1164 3362 1215 3423 his
1229 3379 1305 3439 ergo

353 3473 569 3535 numerantur,
582 3461 603 3523 J
606 3482 694 3536 osue,
709 3461 791 3523 liber
804 3462 825 3524 J
828 3459 968 3535 udicum,
985 3461 1036 3523 cui
1049 3459 1263 3543 compingitur
1273 3468 1307 3520 et

354 3561 454 3635 Ruth,
483 3558 635 3643 quoniam
665 3562 699 3621 in
729 3559 843 3622 diebus
871 3560 1036 3637 Judicum,
1055 3560 1141 3623 facta
1167 3570 1309 3622 narratur

354 3660 496 3737 historia,
507 3661 647 3744 itemque
660 3661 798 3735 Samuel,
809 3661 907 3744 quiin
923 3662 1049 3725 duobus
1058 3660 1169 3746 primis
1180 3662 1307 3742 Regum

355 3760 581 3837 voluminibus,
596 3772 628 3824 et
643 3761 829 3840 Malachim,
846 3763 945 3845 quiin
961 3762 1088 3827 duobus
1100 3764 1308 3846 sequentibus

354 3862 513 3945 expletur,
526 3883 607 3945 quos
623 3874 798 3945 sequuntur
812 3864 1029 3929 voluminibus
1039 3866 1184 3949 singulis,
1196 3866 1309 3943 isaias,

355 3961 525 4039 deremias,
550 3961 728 4042 Ezechie13
758 3965 839 4029 liber
864 3966 911 4029 xii
936 3968 1164 4052 prophetarum
1191 3969 1225 4030 in
1251 3969 1307 4031 ha·

356 4063 540 4147 giographis
570 4064 725 4129 consistit.
771 4065 898 4129 Tertius
928 4066 1006 4130 ordo
1036 4068 1205 4130 continens
1231 4065 1310 4144 Job,

355 4166 557 4243 Psalterium,
579 4168 705 4231 Eccles.
729 4166 867 4231 Cantica
890 4167 1110 4244 Canticorum,
1127 4168 1308 4246 Danielem,

356 4265 635 4350 Paralipomenon,
661 4266 811 4343 Esdram,
837 4280 869 4330 et
895 4269 1022 4333 Hester.
1075 4270 1121 4333 Et
1146 4271 1192 4333 sic
1219 4270 1309 4333 colli·

357 4376 475 4446 guntur
495 4368 528 4429 iu
551 4388 676 4431 summa
698 4367 770 4430 xxii
784 4366 858 4429 libri
879 4370 993 4432 veteris
1008 4370 1216 4446 Testamenti,
1231 4373 1310 4438 licet

358 4466 501 4527 nonnulli
527 4467 646 4529 librum
673 4468 772 4546 Ruth,
799 4478 831 4531 et
856 4466 1118 4534 Lamentationes
1146 4471 1310 4552 Jeremiae,

357 4567 391 4629 in
419 4567 707 4652 hagiographorum
736 4591 868 4633 numero
898 4586 1049 4637 censeant
1078 4576 1310 4659 supputandos,

358 4680 393 4731 ut
408 4668 440 4731 in
456 4670 534 4731 xxiv
552 4692 675 4733 summa
690 4670 831 4734 omnium
845 4671 1003 4736 dilatetur.
1032 4676 1078 4739 Et
1091 4676 1162 4741 haec
1178 4679 1310 4762 quidem

358 4770 564 4834 inveniuntur
575 4772 607 4834 in
624 4775 757 4857 prologo
768 4774 838 4836 libri
851 4775 987 4857 Regum,
998 4796 1093 4860 quem
1104 4780 1217 4844 beatus
1230 4782 1310 4846 Hie·

358 4891 509 4954 ronymus
529 4888 622 4939 vocat
641 4877 798 4957 galeatum
817 4876 998 4959 principem
1013 4881 1156 4946 omnium
1173 4884 1309 4969 scriptu·

402 4992 475 5037 von.
493 4992 514 5038 1.
818 4996 839 5039 Ρ
