3300 6434
288 1243 397 1324 llos]
671 1260 849 1307 nmsroua.
1171 1248 1235 1308 als

283 1414 457 1479 eminentia
471 1421 584 1489 vestra,
597 1435 693 1497 quam
708 1415 741 1478 in
756 1424 902 1495 tempora
915 1414 1011 1495 longa
1026 1412 1188 1479 beatificet
1201 1425 1234 1480 et

281 1529 448 1583 conservet
459 1518 682 1600 Omnipotens,
694 1517 843 1598 dignetur
857 1516 1025 1600 injungere
1042 1517 1132 1592 mihi,
1143 1539 1232 1581 man·

280 1618 363 1683 datis
378 1618 491 1683 vestris
506 1620 539 1682 in
556 1619 704 1682 omnibus
717 1617 858 1682 fideliter
871 1617 1022 1701 parituro.

322 1874 543 1939 EPISTOLA
566 1876 803 1939 CXLIV.-sn
818 1894 1019 1940 msmsrnma
1031 1893 1230 1939 oaosnrnurr

439 1994 481 2038 nn
499 1994 622 2039 seuero
637 1995 812 2041 nnsruuno.
860 1976 939 2056 [ao.
957 1976 1066 2057 llos]

397 2110 543 2175 Joonnes
559 2109 719 2193 Goufrido
733 2108 772 2173 de
786 2110 908 2173 Sancto
922 2108 1106 2173 Edmundo.

320 2248 425 2319 Quum
452 2247 485 2309 in
511 2245 710 2309 solemnitate
737 2244 886 2308 Paschali
915 2242 1124 2307 reformandas
1148 2245 1226 2309 mihi

274 2349 366 2431 pacis
388 2348 489 2430 gratia
510 2344 720 2427 Andegavum
743 2346 906 2430 profectus
921 2367 1023 2409 essem
1044 2344 1086 2409 ad
1108 2364 1226 2428 regem,

274 2451 380 2535 ipsum
409 2461 483 2513 ante
518 2448 684 2512 Dominici
713 2448 855 2531 corporis
893 2447 1131 2531 perceptionem
1168 2468 1226 2529 per

273 2554 422 2614 abbatem
452 2551 562 2615 Sancti
587 2550 727 2613 Victoris
756 2548 957 2626 Parisiensis,
986 2561 1018 2613 et
1042 2550 1122 2612 alios
1150 2548 1224 2611 reli·

272 2653 388 2735 giosos,
405 2653 466 2717 feci
489 2652 676 2733 diligentius
700 2650 865 2717 conveniri
886 2672 983 2734 super
1002 2672 1083 2735 pace
1106 2651 1147 2714 R.
1164 2649 1224 2714 filii

270 2753 373 2831 vestri,
389 2753 543 2817 adhibitis
557 2753 652 2817 etiam
669 2753 740 2816 aliis
759 2752 882 2829 amicis,
897 2751 937 2813 de
953 2772 1085 2835 quorum
1100 2749 1165 2814 fide
1187 2749 1223 2813 in

270 2856 358 2918 curia
387 2877 476 2939 spem
503 2873 713 2939 conceperam
742 2851 937 2938 pleniorem:
977 2852 1219 2915 sollicitaveram

270 2955 354 3016 enim
369 2968 464 3018 antea
478 2977 574 3037 super
594 2956 657 3019 hoc
674 2956 774 3018 virum
790 2956 957 3038 optimum,
972 2963 1006 3017 ct
1019 2955 1086 3016 suis
1101 2952 1221 3017 meritis

268 3054 347 3116 mihi
386 3055 603 3134 reverendum,
631 3056 821 3138 Magistrum
852 3054 1046 3118 Walterium
1083 3053 1123 3117 de
1164 3054 1205 3117 In

269 3156 350 3234 sula,
372 3166 405 3219 et
425 3177 483 3240 per
505 3157 608 3241 ipsum
635 3157 716 3221 alios
740 3170 848 3240 patres
873 3178 1008 3241 quorum
1034 3155 1115 3218 fides
1140 3154 1219 3217 mibi

266 3256 434 3320 videbatur
463 3278 534 3321 esse
559 3258 721 3323 sincerior.
769 3260 842 3322 Rex
873 3269 979 3322 autem
1009 3270 1041 3321 et
1066 3277 1123 3340 pro
1153 3255 1217 3319 Dei

265 3358 430 3440 religione,
459 3370 491 3423 et
527 3359 791 3423 intercedentium
830 3359 1015 3435 reverentia,
1052 3356 1218 3438 respondit

264 3461 453 3543 benignius:
483 3462 594 3525 audito
617 3472 722 3525 tamen
745 3459 834 3543 quod
860 3459 901 3523 ad
929 3460 1105 3521 dominium
1131 3452 1216 3521 beati

265 3561 432 3625 Edmnndi
443 3583 492 3625 res
503 3563 565 3625 ista
579 3563 761 3644 pertineret,
772 3561 969 3624 Willclmum
981 3559 1021 3622 de
1034 3560 1217 3642 Hastingis,

263 3683 322 3744 per
347 3684 439 3746 quem
463 3664 626 3725 veritatem
647 3662 822 3746 inquisivit,
845 3662 922 3725 fecit
943 3662 1050 3738 acciri,
1071 3683 1112 3725 ne
1135 3662 1215 3746 quid

262 3784 319 3845 per
334 3764 562 3846 surreptionem
579 3764 735 3827 diceretur
748 3765 789 3826 ab
805 3765 886 3848 ipso.
931 3764 991 3828 Ille
1006 3775 1111 3828 autem
1135 3787 1213 3850 qua·

263 3872 356 3927 tenus
376 3864 481 3945 potuit
495 3874 528 3926 ct
541 3884 636 3928 ausus
658 3876 717 3938 est,
732 3864 904 3947 benignius
918 3865 1069 3947 exposuit
1084 3886 1212 3929 causam

261 3975 405 4028 vestram.
451 3962 611 4049 Praecepit
626 3986 700 4048 ergo
715 3986 771 4029 rex
794 3987 928 4050 puerum
949 3966 991 4029 ad
1013 3988 1048 4030 se
1069 3968 1163 4045 mitti,
1177 3979 1213 4031 ut

258 4065 391 4131 indulta
416 4068 611 4132 remissionis
636 4089 778 4153 praesens
799 4070 958 4153 reciperet
978 4070 1110 4147 litteras,
1131 4090 1211 4151 quas

259 4169 301 4232 ad
316 4169 407 4250 regni
422 4171 587 4249 officiales,
602 4183 637 4234 ut
652 4171 692 4235 de
708 4194 789 4257 pace
803 4171 906 4255 ipsius
922 4180 1092 4248 constaret,
1106 4170 1210 4233 omni·

258 4271 319 4333 bus
340 4283 520 4354 reportaret
566 4273 710 4335 Rediens
735 4275 844 4356 itaque
870 4293 1002 4356 puerum
1025 4293 1098 4336 cum
1120 4273 1209 4336 festi·

258 4370 398 4446 natione,
424 4372 508 4434 sicut
531 4372 671 4433 Domino
694 4374 827 4455 placuit,
852 4385 884 4436 et
903 4383 1013 4436 nostra
1033 4375 1208 4437 necessitas

257 4471 419 4551 exigebat,
434 4470 476 4534 ad
496 4473 687 4553 Magistrum
709 4474 889 4536 Galterium
912 4472 952 4537 do
976 4476 1087 4538 Insula
1109 4486 1208 4539 trans-

257 4572 338 4649 misi,
362 4570 454 4655 cujus
476 4571 573 4636 fidem
596 4583 629 4636 et
650 4574 810 4637 caritatem
835 4576 929 4638 nobis
957 4576 1134 4640 exhibitam
1157 4598 1207 4640 re·

256 4682 399 4735 muneret
420 4672 570 4736 fundator
591 4674 737 4737 ecclesiae
753 4674 883 4753 Christi,
898 4697 956 4758 pro
979 4676 1071 4760 cujus
1085 4677 1151 4741 fide
1174 4694 1207 4743 et

253 4793 372 4847 amore,
384 4774 468 4835 sicut
481 4774 576 4835 nobis
591 4773 788 4838 conscicntia
804 4776 893 4839 testis
904 4777 1048 4853 est,laeti,
1059 4778 1202 4862 quando-

253 4874 381 4958 quidem
396 4876 442 4938 ita
458 4897 590 4940 necesse
613 4887 672 4954 est,
688 4875 813 4953 damna,
829 4876 970 4961 injurias,
986 4882 1203 4960 contumelias,
