3300 6434
349 1219 542 1300 llos-65]
741 1236 919 1283 nersroum.
1240 1226 1296 1285 tel

344 1413 402 1476 pro
428 1392 522 1455 nobis
548 1387 791 1456 Cantauriensis
815 1391 960 1452 ecclesiae
985 1401 1107 1454 amator
1133 1391 1302 1471 Adrianus,

342 1495 433 1579 cujus
448 1505 548 1557 mater
562 1492 649 1577 apud
665 1494 837 1573 rosalgore
854 1500 1019 1575 torquetur
1034 1503 1065 1556 et
1080 1491 1196 1556 inedia.
1229 1497 1299 1558 Nos

345 1597 493 1669 humiles,
517 1596 643 1678 inopes,
660 1594 833 1670 immuniti,
849 1594 996 1678 nunquid
1014 1595 1190 1679 poterimus
1211 1599 1306 1660 rerba

346 1699 419 1761 dare
435 1694 613 1760 Romanis?
641 1697 683 1758 At
698 1695 743 1757 illi
762 1696 890 1778 pridem
908 1717 999 1759 suum
1016 1697 1175 1759 comicum
1191 1696 1302 1760 audie·

350 1810 434 1873 runt,
450 1807 485 1858 ut
501 1816 564 1857 non
581 1807 689 1858 emant
703 1814 800 1878 spero
814 1796 928 1879 pretio.

391 1897 455 1960 Sed
476 1897 631 1974 scribitis,·
642 1910 678 1960 ut
700 1897 843 1975 tandem,
858 1900 885 1961 si
907 1899 971 1969 alia
993 1898 1045 1962 via
1065 1919 1130 1962 nou
1152 1899 1303 1981 patuerit,

350 2001 571 2083 promittamus
586 1998 743 2063 ducentas
756 2021 888 2063 marcas.
919 2000 962 2062 At
976 2011 1060 2063 certe
1076 2021 1150 2081 pars
1161 2000 1305 2077 adversa,

349 2110 522 2185 antequam
533 2100 707 2178 frustretur,
716 2112 876 2164 trecentas
884 2100 975 2163 dabit
983 2110 1039 2163 aut
1047 2099 1309 2183 quadringentas,

490 2213 549 2269 Nee
561 2217 584 2268 si
595 2215 744 2269 muneribus
756 2221 850 2279 certam
864 2216 988 2269 concedet
998 2214 1080 2268 lolas.

351 2321 464 2405 Etego
473 2322 653 2405 respondeo
662 2344 720 2406 pro
731 2321 991 2406 Romanis‚quod
1001 2344 1059 2405 pro
1069 2342 1175 2386 amore
1185 2320 1308 2385 domini

352 2424 447 2505 regis,
462 2435 494 2488 et
509 2425 684 2488 reverentia
698 2425 890 2488 nunciorum
912 2426 1043 2489 mallent
1058 2424 1132 2509 plus
1154 2425 1308 2508 recipere,

352 2548 447 2610 quam
469 2547 595 2608 sperare
619 2528 733 2588 miuus.
781 2519 871 2589 Facit
891 2536 997 2589 autem
1018 2547 1076 2608 pro
1099 2520 1201 2603 vobis,
1221 2526 1308 2609 quod

352 2649 410 2709 pro
436 2628 583 2690 libertate
610 2625 757 2690 eeclesiae
787 2623 996 2705 tribulamini,
1023 2626 1080 2691 sed
1106 2628 1306 2691 honestatem

354 2750 459 2794 causa
471 2740 588 2792 nostrae
603 2736 816 2791 extenuantes
828 2740 1033 2792 excusatores
1048 2729 1142 2811 regis,
1154 2738 1187 2793 et
1202 2729 1308 2794 aemuli

355 2830 462 2907 vestri,
476 2830 538 2893 boc
560 2830 729 2893 temeritati
745 2851 841 2913 quam
857 2829 999 2893 libertati
1013 2829 1115 2913 magis
1130 2830 1311 2894 adscribere

356 2932 567 2995 conabuntur.
605 2929 650 2993 Et
674 2941 710 2993 ut
731 2930 778 2993 eis
801 2931 894 2993 citius
918 2929 1074 3008 credatur,
1096 2927 1157 3014 ipsi
1180 2930 1310 2995 domino

355 3055 460 3117 papae,
470 3032 545 3115 quia
556 3051 657 3094 venas
666 3035 766 3112 qujae
776 3034 921 3095 susurrii
927 3032 999 3110 jam
1011 3031 1119 3095 audiit
1128 3035 1220 3096 auria
1232 3051 1311 3109 mea,

357 3132 480 3197 dabunt
501 3155 592 3217 spem
617 3129 765 3197 veniendi
790 3130 823 3196 iu
847 3129 1008 3215 angliam,
1031 3133 1205 3220 dicentque
1230 3134 1311 3216 regii

356 3235 415 3298 filii
431 3234 560 3298 dilatam
575 3234 826 3309 coronationem,
842 3248 878 3298 ut
893 3256 989 3298 manu
1008 3234 1185 3317 apostolica
1200 3253 1311 3298 conse·

359 3348 473 3415 cretur,
500 3348 532 3399 et
558 3333 668 3401 sciatis
693 3336 820 3401 adhoc
848 3347 1016 3421 promptos
1042 3356 1112 3400 esse
1138 3337 1311 3399 Romanos.

357 3438 380 3501 J
383 3462 435 3503 am
449 3440 533 3502 enim
550 3440 680 3522 quidam
696 3440 791 3503 nobis
806 3439 972 3515 insultant,
988 3437 1132 3501 dicentes
1147 3436 1311 3499 dominum

358 3560 474 3623 papam
497 3538 538 3602 ad
562 3539 826 3601 cantuariensem
849 3538 1018 3601 ecclesiam
1043 3546 1314 3613 accesseramus

359 3652 485 3703 moveat
500 3638 727 3703 candelabrum
751 3650 900 3714 vestrum,
914 3637 1023 3723 ibique
1045 3634 1244 3723 aliquamdiu
1264 3659 1313 3701 se-

360 3742 443 3805 deat.
481 3739 551 3803 Nec
576 3753 681 3803 tamen
710 3740 817 3817 credo,
840 3739 926 3824 quod
950 3738 1100 3803 dominus
1122 3760 1209 3823 papa
1229 3740 1313 3805 istud

360 3841 465 3907 adhuc
489 3843 681 3925 conceperit.
719 3838 816 3920 Nam,
832 3855 868 3905 ut
886 3842 993 3921 audio,
1015 3843 1147 3907 multam
1168 3840 1237 3925 ejus
1256 3858 1313 3926 pro

360 3945 540 4009 constantia
562 3959 665 4008 vestra
678 3945 804 4008 habetis
823 3945 964 4027 gratiam.
1002 3944 1183 4010 Sedunum
1202 3947 1313 4029 procul

361 4048 460 4112 dubio
476 4049 555 4125 scio,
567 4049 643 4131 quia
655 4047 876 4125 Lexoviensis,
889 4049 915 4111 si
931 4046 1064 4122 venerit,
1076 4047 1156 4111 nihil
1173 4067 1312 4110 asserere

361 4152 526 4214 verebitur.
558 4149 665 4213 Notus
677 4151 760 4213 enim
776 4150 856 4213 milri
872 4166 931 4226 est,
942 4158 975 4212 et
989 4149 1022 4210 in
1035 4149 1150 4211 talibus
1164 4159 1315 4230 expertus

362 4273 432 4314 sum
443 4252 512 4335 ejus
523 4252 675 4315 fallacias.
702 4252 754 4313 De
767 4252 882 4314 abbate
895 4250 965 4333 quis
975 4247 1118 4311 dubitati
1139 4249 1314 4312 Postmodo

363 4355 491 4434 scripsit
513 4354 591 4416 mihi
613 4354 786 4435 episcopus
809 4352 1031 4427 pictaviensis,
1053 4351 1141 4435 quod
1163 4351 1314 4415 adversus

366 4455 516 4516 abbatem
538 4455 570 4516 S.
594 4453 763 4533 Augustini
787 4453 867 4515 nihil
891 4463 1037 4536 potuerat
1057 4453 1236 4535 impetrare,
1256 4453 1315 4515 etsi

363 4555 533 4639 plurimam
551 4553 691 4617 dedisset
707 4570 846 4635 operam.
879 4553 1003 4616 ibimus
1017 4564 1122 4616 tamen
1136 4552 1226 4632 illuc,
1241 4574 1315 4617 euc-

364 4671 431 4719 tore
447 4656 530 4732 Deo,
545 4656 696 4739 qnoniam
720 4654 765 4716 ita
784 4653 975 4738 pracipitis,
989 4664 1024 4717 et
1045 4655 1123 4738 qnid
1146 4656 1315 4738 possimus,

366 4759 579 4842 experiemur.
610 4756 673 4821 Sed
686 4758 712 4819 si
728 4758 853 4830 frustra,
863 4756 959 4819 nobis
973 4756 1120 4839 imputari
1133 4775 1196 4819 non
1209 4756 1315 4835 debet,

366 4860 527 4941 quoniam,
545 4872 579 4923 n't
596 4860 641 4922 ait
657 4859 797 4922 ethicus:
