3300 6434
434 1248 475 1305 22
698 1259 835 1304 roanms
850 1256 1128 1304 saansaamausrs
1292 1239 1337 1321 [s.
1357 1260 1389 1303 n.

436 1433 587 1497 caporum
599 1407 877 1486 consilio‚domino
885 1407 1096 1475 Wintoniensi
1108 1407 1255 1473 dedimus
1265 1412 1298 1474 in
1308 1431 1396 1473 man·

437 1512 531 1592 datis,
546 1534 585 1574 ne
599 1512 770 1597 prefatum
787 1510 967 1575 Jordanum
985 1534 1081 1597 super
1096 1511 1210 1575 scholis
1227 1523 1392 1596 pateretur

435 1636 454 1676 a
469 1615 594 1677 Joanne
610 1612 745 1676 ulterius
760 1612 907 1696 fatigari:
931 1627 963 1678 et
979 1613 1004 1677 si
1020 1635 1092 1676 eum
1109 1612 1265 1677 inveniret
1281 1627 1394 1677 restrae

435 1728 467 1779 et
490 1728 608 1779 nostrae
631 1713 830 1777 auctoritatis
851 1723 1110 1799 contemptorem,
1134 1715 1240 1799 ipsum
1264 1713 1392 1799 publice

437 1815 638 1879 denuntiaret
653 1814 862 1878 anathematis
875 1815 1000 1881 vinculo
1015 1814 1213 1879 innodatum.
1247 1819 1393 1881 Postmo-

437 1917 515 1982 dum
528 1938 603 1981 vero
618 1917 733 2003 elapsis
748 1916 858 2003 paucis
868 1917 983 1982 diebus
997 1918 1029 1981 in
1043 1931 1180 1981 nostram
1192 1920 1392 2005 praesentiam

436 2017 610 2095 redierunt,
620 2016 764 2081 Jordauo
774 2016 1083 2103 veteremquerelam
1092 2017 1272 2083 innovante.
1298 2019 1394 2082 Dice-

437 2121 491 2185 bat
504 2120 589 2184 enim
603 2121 759 2183 Joanuem
771 2131 845 2205 post
858 2119 1063 2184 interdictum
1078 2142 1247 2206 usurpasse
1258 2119 1392 2196 scholas,

439 2235 471 2286 et
487 2222 518 2286 in
534 2221 722 2286 sententiam
738 2219 948 2285 anathematis
963 2220 1122 2285 incidisse.
1165 2226 1304 2287 loannes
1317 2244 1392 2285 vero

437 2323 498 2387 lioc
517 2322 768 2386 constantissime
783 2322 943 2385 inficiatus
962 2335 1022 2399 est,
1038 2337 1170 2407 paratus
1184 2321 1393 2389 incontinenti

438 2421 531 2487 tactis
544 2422 751 2486 sacrosanctis
770 2422 943 2506 evangeliis
953 2424 1074 2508 jurare,
1090 2424 1178 2510 quod
1199 2438 1273 2510 post
1288 2426 1395 2509 prohi-

438 2526 591 2590 bitionem
616 2538 755 2589 nostram
776 2549 796 2588 a
810 2527 995 2611 magisterio
1017 2528 1192 2593 destiterat.
1239 2530 1395 2593 Ecoutra

439 2628 604 2693 Jordanus
626 2649 659 2691 se
682 2626 734 2690 die
756 2628 888 2713 praelixa
910 2630 1121 2715 probaturum
1142 2630 1282 2707 dicebat,
1297 2653 1396 2694 asser·

441 2731 526 2796 tione
542 2731 756 2816 legitimorum
772 2732 915 2808 testium,
932 2732 1019 2816 quod
1037 2749 1108 2818 post
1123 2732 1263 2797 edictum
1280 2732 1395 2817 magis-

440 2838 557 2898 terium
579 2848 775 2913 exercuerat,
798 2833 852 2897 sed
874 2838 1013 2900 Joannes
1038 2836 1122 2899 diem
1146 2836 1283 2922 recipere
1305 2858 1395 2901 recu·

441 2937 533 3012 savit,
549 2936 657 3001 dicens
671 2958 704 3000 ae
717 2937 785 3023 jam
802 2936 833 2999 in
850 2937 1014 3022 procinctu
1034 2936 1168 3000 Romani
1184 2936 1306 3001 itineris
1320 2958 1396 3016 esse,

441 3061 500 3103 vos
514 3051 633 3115 autem,
643 3052 773 3102 auctore
790 3040 941 3115 Domino,
954 3036 1063 3123 litigiis
1072 3061 1181 3102 eorum
1197 3040 1291 3104 finem
1308 3040 1397 3105 debi-

443 3154 514 3205 tum
529 3138 707 3225 imponetis.
1280 3134 1303 3167 ⁸

633 3457 857 3527 EPISTOLA
879 3458 1042 3521 XX.-au
1058 3477 1210 3522 ananan.

790 3594 937 3658 Adriano
953 3594 1064 3677 Papa.

503 3730 545 3791 In
573 3751 669 3793 causa
698 3752 772 3813 quae
799 3728 934 3792 vertitur
964 3727 1046 3791 iuter
1071 3728 1270 3793 Willelmum
1296 3726 1396 3793 filium

449 3829 630 3905 Godefridi,
664 3843 696 3895 et
732 3830 933 3894 willelmum
970 3831 1222 3897 Lichefeldeusis
1257 3832 1396 3896 ecclesiae

447 3932 645 4008 canonicum,
661 3954 755 4017 super
774 3930 905 3995 ecclesia
926 3931 965 3995 de
987 3932 1120 4012 Salawa,
1135 3958 1229 4017 quam
1251 3934 1400 3998 sanctitas

448 4048 554 4101 vestra
568 4032 739 4097 venerabili
754 4033 846 4099 fratri
868 4048 977 4098 nostro
999 4035 1156 4098 Gauterio
1172 4035 1400 4098 Conventrensi

447 4138 595 4223 episcopo
606 4134 776 4217 delegavit,
792 4134 831 4198 ad
845 4148 983 4199 nostram
997 4134 1190 4199 audientiam
1203 4134 1396 4221 appellatum

446 4251 507 4319 est,
523 4261 560 4302 eo
576 4236 660 4324 quod
679 4234 861 4302 Willelmus
883 4237 968 4301 {ilius
983 4238 1025 4301 G.
1040 4236 1159 4301 curiam
1177 4237 1315 4323 episcopi
1332 4258 1399 4300 sus·

446 4354 573 4425 pectum
597 4338 728 4403 haberet
751 4352 788 4403 ut
810 4338 937 4403 dicebat
959 4343 1107 4425 episcopo
1130 4353 1198 4404 tum
1221 4338 1250 4401 ei
1271 4361 1396 4402 omnem

443 4444 538 4526 juxta
550 4441 735 4506 mandatum
745 4456 886 4506 vestrum
898 4442 1057 4526 justitiam
1069 4444 1264 4508 offerentem.
1288 4444 1395 4519 Quum

446 4563 525 4625 ergo
549 4542 724 4625 jamdictus
751 4540 933 4605 Willelmus
962 4542 1125 4606 resistente
1155 4542 1335 4606 adversario
1364 4541 1397 4604 in

449 4645 618 4726 prasentia
643 4655 752 4705 nostra
776 4665 866 4705 suam
894 4653 1084 4727 proponeret
1105 4646 1274 4720 actionem,
1295 4642 1396 4706 eidem

450 4742 633 4806 Willelmus
650 4743 913 4809 Lichesleldensis
928 4744 988 4806 sori
1009 4746 1280 4830 praescriptionem
1302 4768 1401 4829 oppo-

451 4844 524 4919 suit,
537 4842 780 4928 appellationem
797 4845 837 4908 ad
854 4867 910 4907 nos
921 4844 1037 4910 factam
1050 4868 1189 4910 asserens
1206 4870 1267 4911 non
1284 4861 1403 4923 tenere,
