3300 6434
320 1162 515 1242 lita-64]
705 1177 883 1224 canrosa.
1210 1162 1269 1223 133

316 1346 348 1398 et
378 1358 441 1412 eos,
473 1335 528 1420 qui
558 1329 758 1416 dispositioni
788 1331 859 1416 ejus
889 1328 1097 1407 reluctantur,
1123 1340 1270 1414 potenter

316 1452 457 1501 conteret
471 1436 531 1500 sub
551 1433 688 1520 pedibus
710 1433 785 1496 suis.
833 1431 958 1517 Utique
981 1431 1069 1515 quod
1092 1431 1205 1495 statuit
1228 1429 1269 1493 de

317 1552 359 1615 te,
376 1536 490 1606 sinete
512 1535 667 1599 deliberat
690 1537 770 1620 ipse,
786 1546 817 1597 et
842 1533 872 1597 iu
896 1533 1020 1597 actibus
1043 1530 1268 1618 Apostolorum

317 1664 356 1704 ex
383 1637 537 1702 sententia
566 1636 760 1713 Gamalielis‚
787 1635 917 1701 arbitrio
943 1635 1005 1699 Dei
1031 1637 1196 1698 commissa
1222 1646 1269 1696 est

317 1761 447 1804 nascens
469 1735 624 1817 Ecclesia,
645 1751 725 1801 nutu
750 1735 841 1820 cujus
862 1736 968 1801 omnia
990 1734 1190 1801 infirmantur
1212 1746 1269 1798 aut

316 1841 553 1906 convalescunt,
600 1838 641 1902 Ei
670 1838 780 1925 itaque
809 1837 988 1901 committas
1013 1858 1140 1900 causam
1168 1848 1269 1914 tuam,

317 1943 468 2030 quoniam
484 1965 521 2005 eo
538 1939 756 2026 patrocinante
771 1938 944 2025 periclitari
961 1960 1021 2001 non
1039 1949 1152 2024 potest.
1192 1937 1268 2001 Noli

318 2042 530 2131 pusillanimis
546 2067 613 2106 esse
627 2042 659 2105 in
675 2041 740 2120 illo,
756 2041 906 2126 quoniam
922 2041 1045 2126 corpori
1061 2039 1267 2126 parvulorum

317 2146 440 2210 dictum
456 2158 514 2226 est,
529 2147 627 2209 Jacra
642 2148 814 2226 cogitatum
831 2151 924 2207 luam
947 2147 983 2206 in
999 2144 1143 2221 Domino,
1158 2149 1188 2205 et
1202 2145 1270 2224 ipse

318 2255 348 2311 te
363 2249 514 2310 enutriet.
561 2244 593 2307 Si
611 2244 740 2330 quidem
760 2242 864 2307 adulti
881 2245 949 2330 jam
973 2264 1035 2305 non
1059 2242 1192 2307 nutricis
1213 2241 1269 2305 ali·

318 2361 435 2422 mento,
453 2345 506 2409 sed
531 2345 778 2408 conservationis
793 2357 886 2428 egent
910 2343 1068 2429 prasidio.
1115 2343 1205 2426 Ergo
1227 2344 1268 2406 sit

316 2446 521 2526 desiderium,
538 2447 578 2510 sit
603 2444 706 2509 oratio
730 2459 795 2520 tua,
821 2459 858 2509 nt
882 2466 943 2507 non
969 2443 1064 2505 modo
1087 2441 1127 2505 de
1152 2454 1194 2518 te,
1212 2442 1268 2506 scd

317 2549 411 2612 etiam
428 2560 493 2612 ate
510 2548 658 2612 voluntas
673 2545 803 2612 Domini
818 2545 1000 2632 impleatur.
1045 2544 1139 2621 Quod
1155 2544 1180 2607 si
1200 2542 1268 2630 ipse

316 2649 491 2736 pronubis,
508 2651 582 2735 quis
596 2663 707 2714 contra
723 2654 802 2714 nos?
825 2654 900 2715 Non
916 2649 975 2712 erit
991 2648 1117 2711 irritum
1134 2647 1266 2711 verbum

315 2751 395 2836 ejus,
418 2749 478 2813 etsi
500 2749 691 2836 plerumque
718 2753 758 2812 ad
784 2748 920 2835 gloriam
946 2748 1155 2834 disponentis,
1177 2744 1269 2811 malis

316 2851 583 2939 repugnantibus,
598 2853 779 2938 impleatur.
827 2853 991 2915 Steterunt
1006 2864 1118 2914 contra
1132 2874 1205 2923 eum
1226 2848 1268 2912 ab

316 2955 407 3018 initio
420 2954 478 3017 viri
494 2954 604 3030 sortes,
616 2967 772 3040 potentes,
784 2953 937 3016 habentes
952 2950 1153 3038 prudentiam
1167 2951 1267 3037 bujua

315 3055 434 3133 saeculi,
449 3070 481 3120 et
500 3056 614 3141 gratiae
635 3055 838 3120 collocatione
858 3055 982 3131 famosi,
998 3055 1116 3121 cientes
1136 3054 1267 3134 bellum,

316 3157 369 3222 sed
401 3157 613 3243 precipitavit
643 3179 698 3221 eos
731 3157 901 3232 Dominus,
931 3171 963 3221 et
1000 3155 1110 3221 divisit
1141 3154 1267 3240 linguas

313 3283 437 3338 eorum,
454 3260 605 3347 quoniam
629 3259 710 3325 vidit
733 3260 775 3323 ab
799 3260 970 3345 iniquitate
993 3282 1120 3322 manare
1143 3271 1266 3322 contra-

315 3362 485 3426 dictionem
509 3362 540 3425 in
568 3361 705 3436 civitate,
727 3383 803 3446 quae
825 3360 1052 3446 praefigurabat
1078 3359 1266 3425 Ecclesiam.

316 3464 390 3528 Non
413 3466 524 3550 itaque
542 3462 686 3538 verearis,
703 3463 728 3525 si
753 3464 793 3525 sit
808 3466 840 3526 in
864 3475 955 3548 parte
976 3460 1109 3525 adversa
1124 3462 1198 3542 Dei,
1212 3462 1264 3526 cui

315 3581 345 3630 te
372 3565 508 3630 militare
532 3565 669 3639 conlido,
692 3586 728 3626 os
752 3563 920 3648 lampadis,
943 3563 1092 3649 quoniam
1115 3564 1147 3627 in
1174 3579 1266 3649 parte

315 3668 445 3733 orientis
459 3682 491 3732 et
513 3667 673 3752 loquentis
688 3689 728 3730 ex
752 3667 819 3731 alto
834 3666 1021 3730 aeternitatis
1043 3666 1184 3743 consilio,
1201 3689 1266 3730 ser-

314 3793 366 3834 mo
388 3769 534 3844 lucidior,
550 3768 717 3854 copiosior,
733 3782 763 3833 et
788 3768 942 3832 efficacior
965 3781 1021 3832 est.
1067 3769 1135 3832 Nec
1158 3791 1264 3834 move·

313 3871 385 3946 aris,
403 3872 428 3934 si
449 3872 586 3956 gratiam
610 3868 672 3934 Dei
696 3869 871 3955 aliquando
893 3870 1072 3934 umbratilis
1095 3873 1265 3955 impugnet

311 3977 425 4059 gratia,
443 3974 593 4059 quoniam
609 3972 673 4049 illa,
690 3994 765 4058 quae
780 3972 897 4059 quaerit
920 3995 994 4058 quae
1012 3995 1069 4036 sua
1090 3984 1175 4047 sunt,
1191 3993 1264 4036 eva-

311 4089 427 4142 nescet.
465 4075 558 4140 Licet
570 4075 652 4140 enim
664 4077 786 4140 exultet
798 4074 838 4138 ad
852 4075 961 4139 horam
972 4075 1004 4137 in
1021 4074 1138 4138 lumine
1149 4074 1264 4153 alieno,

312 4176 436 4241 deliciet
452 4176 559 4263 plane,
573 4191 604 4241 et
620 4177 855 4251 obscurabitur,
872 4198 973 4261 quum
989 4177 1118 4260 justitia
1132 4177 1164 4240 in
1176 4175 1264 4260 judi-

312 4279 395 4342 cium
426 4289 640 4342 convertetur.
696 4278 793 4352 Quod
824 4279 850 4342 si
879 4278 953 4364 quis
982 4278 1022 4342 de
1052 4279 1119 4342 solo
1148 4281 1264 4346 nititur

313 4377 466 4463 Ulpiano,
482 4376 547 4439 imo
570 4376 611 4440 de
631 4378 778 4462 opinione
801 4377 934 4463 Ulpiani
961 4379 1099 4442 Domino
1123 4382 1265 4468 propitio

312 4478 487 4556 erudietur,
501 4499 559 4540 nec
574 4477 614 4541 de
637 4479 751 4564 spiritu
777 4480 919 4565 proprio,
935 4503 1070 4565 nequam
1086 4486 1127 4546 sit
1152 4485 1264 4549 adrer-

314 4603 368 4643 sus
391 4603 476 4654 eum,
493 4579 548 4664 qui
574 4582 730 4664 superbus
753 4581 913 4659 humiliat,
929 4593 962 4645 et
975 4584 1096 4649 exaltat
1118 4588 1263 4657 humiles.

314 4680 438 4766 Singuli
463 4703 522 4768 pro
538 4704 595 4745 suo
611 4682 789 4769 loquuntur
804 4683 944 4759 arbitrio,
963 4684 1017 4748 sed
1042 4709 1139 4773 penes
1163 4713 1263 4758 unum

311 4797 358 4849 est
376 4784 529 4867 generalis
543 4798 574 4848 et
588 4784 761 4850 necessaria
777 4786 999 4872 interpretatio
1010 4787 1114 4874 legum
1127 4807 1159 4857 et
1171 4816 1264 4860 cano-
