3300 6434
545 1207 604 1267 178
800 1221 934 1265 Joauurs
949 1213 1228 1264 sanssasursrsrs
1399 1200 1445 1277 [s.
1462 1217 1493 1261 n.

543 1459 762 1523 EPISTOLA
785 1459 1498 1522 CXXVHL-riornmmuuuuersuum.

907 1560 994 1633 [ab.
1016 1557 1126 1636 trau]

827 1691 986 1774 Ερὶεωρο
1001 1689 1213 1754 Norwicemi.

590 1810 744 1873 Nuurros
770 1821 896 1872 nostros
919 1830 937 1870 a
962 1805 1091 1871 domino
1116 1828 1191 1889 rege
1215 1804 1383 1868 redeuntes
1409 1826 1503 1868 sanos

549 1906 735 1993 recepimus,
758 1907 980 1994 promittentes
1005 1906 1036 1969 in
1067 1905 1208 1970 adventu
1234 1905 1329 1990 regis,
1355 1918 1501 1989 optatum

548 2006 756 2095 petitionibus
772 2010 887 2073 nostris
901 2009 1058 2074 effectum.
1105 2010 1144 2072 Iu
1159 2006 1307 2072 omnibus
1321 2010 1405 2071 euim
1426 2031 1502 2071 con-

548 2110 618 2173 silio
643 2109 764 2173 domiui
791 2105 1018 2194 archiepiscopi
1044 2106 1240 2192 adquiescet,
1263 2119 1295 2169 et
1321 2107 1446 2183 honori,
1469 2123 1502 2174 et

549 2210 683 2276 utilitati
698 2211 836 2275 ecclesiae
851 2222 920 2275 totu
936 2208 1050 2273 mentis
1064 2208 1239 2273 intentione
1258 2207 1431 2274 studiosius
1453 2211 1502 2274 in·

550 2312 705 2398 vigilabit.
751 2317 870 2379 Verum
899 2311 1023 2375 iuterim
1051 2309 1231 2395 scutagium
1254 2310 1415 2375 remittere
1438 2335 1501 2376 non

550 2427 666 2499 potest,
682 2429 714 2479 et
736 2439 755 2478 a
776 2412 971 2503 quibusdam
986 2412 1206 2476 exactionibus
1228 2411 1397 2488 abstinere,
1421 2437 1502 2499 quo·

549 2517 634 2580 niam
650 2511 759 2580 fratris
779 2514 886 2601 gratia
908 2512 988 2578 male
1012 2528 1097 2579 sarta
1115 2512 1327 2599 nequicquam
1344 2514 1430 2590 coiit,
1446 2517 1500 2579 sed

549 2618 592 2683 ob
615 2617 673 2681 hoc
696 2616 956 2703 perniciosissime
979 2615 1074 2679 scissa
1096 2629 1155 2694 est,
1171 2614 1258 2700 quod
1281 2614 1410 2679 domino
1433 2619 1501 2703 regi

549 2718 649 2783 irater
671 2732 769 2785 totam
794 2718 1012 2784 haereditatem
1037 2730 1211 2802 paternam,
1232 2719 1416 2782 nominatim
1442 2733 1502 2783 ter-

550 2843 629 2897 ram,
644 2825 737 2908 cujus
752 2823 780 2885 ei
803 2820 1028 2908 possessionem
1045 2819 1093 2883 vis
1115 2819 1216 2904 major
1238 2819 1384 2898 abstulit,
1400 2822 1503 2887 noluit

551 2919 709 3007 abjurare,
719 2946 820 3009 quum
834 2936 938 2986 tamen
952 2920 1144 2986 munitiones
1153 2932 1185 2983 et
1195 2919 1263 3005 regi
1272 2920 1394 3000 cedere,
1404 2936 1435 2986 et
1446 2925 1504 2988 ob·

552 3020 635 3086 sides
650 3021 726 3086 dare
741 3037 874 3109 paratus
889 3034 983 3100 esset,
999 3032 1035 3085 ut
1051 3033 1168 3083 terram
1185 3041 1281 3104 quam
1297 3021 1381 3085 dono
1405 3026 1506 3109 patria

552 3121 718 3204 habuerat,
748 3137 959 3209 recuperaret.
1017 3121 1185 3185 Proiectus
1214 3144 1291 3207 ergo
1320 3123 1360 3187 ad
1398 3146 1503 3211 regem

553 3221 763 3303 Francorum,
775 3225 900 3290 comitis
913 3217 1094 3288 Theobaldi
1106 3223 1208 3286 fretus
1222 3223 1353 3303 auxilio,
1367 3226 1507 3290 Francos

552 3327 744 3393 sollicitatio
759 3327 926 3415 dispendia
940 3341 1059 3401 nostru,
1070 3339 1102 3390 et
1113 3323 1247 3413 jugulos
1258 3349 1367 3390 eorum
1383 3327 1505 3394 divitiis

552 3431 681 3508 nostris,
697 3430 832 3509 viribus,
852 3447 884 3495 et
909 3431 1061 3515 potestati
1086 3441 1188 3492 tentat
1212 3449 1382 3514 opponere.
1428 3433 1506 3515 Agit

552 3529 635 3598 forte
651 3545 688 3598 ut
699 3534 748 3599 vel
764 3538 807 3599 sic
822 3535 952 3598 fortuna
967 3533 1068 3619 possit
1083 3532 1214 3617 gravius
1229 3533 1411 3617 promereri,
1424 3559 1505 3620 quo-

553 3634 648 3697 modo
663 3657 768 3720 regem
792 3648 824 3700 et
846 3646 972 3719 gentem
996 3632 1204 3711 Francorum,
1220 3628 1345 3697 favente
1367 3634 1506 3718 justitia,

553 3733 608 3797 det
624 3738 656 3799 in
673 3736 819 3800 manibus
834 3737 960 3801 nostris.
1004 3732 1215 3820 implebimus
1230 3732 1260 3796 in
1277 3757 1315 3797 eo
1330 3757 1504 3800 mensuram

554 3847 681 3920 patrum
697 3852 891 3917 nostrorum,
908 3839 932 3902 si
952 3851 1056 3903 tamen
1079 3860 1190 3901 eorum
1212 3850 1296 3901 sorte
1313 3839 1506 3903 voluerimus

553 3960 619 4001 esse
643 3940 793 4004 contenti.
842 3940 904 4003 Sed
931 3939 1073 4027 prolecto
1099 3940 1204 4024 majus
1229 3952 1278 4003 est
1303 3942 1390 4025 quod
1416 3943 1506 4007 nobis

554 4042 700 4107 restituto
716 4046 861 4107 Vernone
884 4042 1014 4108 fortuna
1036 4038 1205 4128 promittit.
1254 4041 1423 4125 Speratum
1440 4045 1504 4106 col-

553 4143 697 4229 loquium
723 4146 814 4209 nobis
838 4147 1066 4212 subtraxerunt
1092 4141 1204 4207 Franci
1229 4141 1358 4206 oonsilio
1380 4143 1507 4209 comitis

555 4243 746 4311 Theobaldi.
792 4249 950 4313 Dominus
971 4271 1026 4311 rex
1049 4245 1090 4310 ab
1109 4242 1293 4329 Andegavis
1307 4256 1337 4308 et
1362 4245 1505 4311 Pictavia

554 4335 678 4412 rediens
689 4347 729 4411 ad
746 4371 802 4411 nos
815 4348 1008 4413 transmittet
1024 4348 1080 4433 qui
1093 4368 1248 4413 summam
1262 4368 1368 4410 rerum
1384 4363 1506 4432 gerant,

555 4464 586 4512 et
603 4451 748 4515 absentes
763 4452 864 4535 ipsius
880 4450 995 4513 damna
1010 4450 1176 4514 commissa
1192 4448 1251 4512 sibi
1262 4447 1347 4533 juris
1358 4449 1506 4514 adminis-

565 4553 700 4614 tratione
717 4565 930 4636 compensent.
