3300 6434
485 1215 545 1278 176
739 1225 876 1273 scaurus
891 1226 1172 1272 sanesnsnrnusrs
1341 1206 1385 1287 [s.
1404 1229 1435 1274 o.

483 1393 593 1444 nostra
617 1400 797 1465 processum
824 1378 866 1443 sit
892 1379 922 1441 in
953 1400 1049 1442 causa
1076 1377 1302 1440 monachorum
1333 1379 1435 1443 sancti

484 1480 607 1546 Bertini
622 1502 717 1565 super
731 1479 864 1544 ecclesis
878 1478 918 1543 de
934 1478 1094 1543 Chilham.
1132 1478 1257 1543 Nobilis
1269 1478 1317 1541 vir
1332 1482 1436 1564 Hugo

483 1583 524 1649 de
545 1586 673 1647 Dorera
694 1606 714 1647 a
735 1582 828 1648 nobis
851 1606 891 1648 ex
913 1581 1064 1646 mandato
1085 1596 1190 1645 vestro
1211 1579 1435 1659 commonitus,

482 1697 520 1751 ut
549 1685 714 1773 praefatam
744 1684 907 1749 ecclesiam
937 1706 1010 1748 cum
1039 1683 1217 1748 ablatorum
1248 1683 1432 1768 integritate

482 1788 663 1853 restitueret
680 1785 852 1866 monachis,
867 1787 922 1872 qui
939 1809 971 1849 se
991 1786 1032 1851 ab
1053 1808 1091 1849 eo
1107 1784 1259 1848 violenter
1281 1783 1432 1869 spoliatos

479 1913 546 1955 esse
565 1888 860 1975 conquerebantur:
883 1887 1045 1974 respondit
1063 1887 1108 1950 eis
1128 1886 1216 1950 nullo
1246 1888 1321 1971 jure
1343 1886 1436 1951 resti·

482 1990 638 2055 tutionem
654 2001 843 2073 competere,
855 2010 955 2073 quum
972 1986 1105 2052 destitui
1117 2009 1180 2050 nou
1196 1987 1361 2072 potuerint
1375 1986 1432 2073 qui

482 2112 644 2176 nunquam
660 2090 786 2154 fuerant
807 2089 959 2155 instituti.
1004 2089 1228 2153 Detentionem
1252 2090 1278 2153 si
1300 2090 1430 2175 quidem

481 2213 587 2256 rerum
598 2190 763 2279 jamdictae
778 2191 928 2266 ecclesie,
943 2213 981 2255 ex
998 2213 1063 2276 qua
1078 2190 1137 2254 niti
1153 2190 1353 2270 ridebantur,
1368 2213 1430 2255 non

482 2314 552 2370 suo,
574 2291 629 2355 sed
652 2291 778 2355 nomine
803 2290 906 2354 alieno
931 2289 1080 2356 habuisse
1105 2289 1242 2369 dicebat,
1263 2291 1430 2377 cujusdam

481 2392 599 2458 scilicet
625 2391 759 2468 Odonis‚
785 2414 882 2477 quem
912 2392 1054 2478 nosipsi
1081 2392 1200 2457 scimus
1228 2410 1429 2458 memoratam

482 2493 642 2559 ecclesiam
659 2492 849 2579 possedisse:
881 2493 936 2557 sed
959 2493 1047 2580 quod
1070 2492 1099 2556 ei
1121 2494 1359 2572 renuntiaverit,
1373 2510 1430 2558 aut

482 2617 551 2659 eam
566 2594 620 2658 alii
634 2593 764 2660 cesserit
779 2593 906 2680 penitus
921 2593 1112 2679 ignoramus.
1151 2595 1283 2658 Certum
1299 2616 1428 2680 quoque

481 2696 636 2763 habemus
649 2694 904 2759 archidiaconum
926 2709 1079 2775 nostrum,
1094 2697 1151 2782 qui
1166 2717 1248 2761 nunc
1271 2708 1319 2759 est
1342 2695 1429 2759 Ebo-

481 2799 618 2863 racensis
632 2795 898 2884 archiepiscopus,
912 2796 1125 2883 appellatione
1147 2798 1334 2884 interposita
1358 2820 1431 2883 pro-

483 2899 634 2974 hibuisse,
648 2918 689 2963 ne
703 2898 849 2963 monachi
871 2900 967 2963 rebus
986 2898 1072 2963 illius
1096 2898 1234 2964 ecclesiae
1256 2922 1289 2963 se
1309 2900 1429 2964 immis-

482 3014 599 3065 cerent.
636 3002 863 3075 Veruntamen,
874 2999 950 3084 quia
959 2999 1027 3064 dies
1039 2999 1113 3063 mali
1128 3013 1230 3076 erant,
1243 3016 1275 3066 et
1290 3001 1429 3064 famosus

482 3101 536 3166 ille
559 3116 725 3189 tyrannus,
746 3114 778 3164 et
802 3100 942 3165 ecclesiae
964 3114 1079 3165 nostrae
1101 3102 1306 3187 gravissimus
1328 3125 1429 3189 perse-

482 3217 603 3291 quutor
624 3204 804 3270 Willelmus
827 3203 868 3267 de
888 3206 989 3289 Ypra,
1009 3205 1061 3269 cui
1081 3203 1256 3291 jamdictus
1280 3204 1353 3268 Odo
1374 3204 1430 3267 ad·

481 3306 634 3382 baerebat,
651 3306 766 3371 nostris
780 3305 940 3392 capitibus
960 3306 1155 3383 imminebat,
1171 3329 1294 3371 necesse
1317 3306 1430 3370 babui-

481 3432 554 3474 mus
578 3407 787 3487 dissimulare,
807 3406 937 3494 quando
960 3408 1151 3493 patrimonio
1176 3407 1332 3473 Willelmi
1356 3430 1430 3471 con-

480 3524 605 3596 tempta
632 3509 844 3597 appellatione
873 3510 1020 3574 monachi
1049 3531 1098 3573 res
1123 3509 1256 3587 Odonis‚
1281 3509 1337 3595 qui
1368 3508 1428 3573 sibi

481 3615 696 3700 prospiciebat
722 3618 754 3678 in
783 3627 957 3700 posterum,
984 3612 1110 3676 nomine
1139 3614 1209 3698 ejus
1234 3626 1429 3678 contrectare

481 3727 658 3798 coeperunt.
696 3716 855 3778 Praeterea
869 3716 963 3780 etiam
980 3714 1005 3777 si
1021 3725 1178 3779 constaret
1190 3717 1360 3779 monachos
1372 3738 1429 3780 suo

482 3814 608 3878 nomine
636 3814 823 3899 possedisse,
853 3816 1038 3900 petitionem
1069 3837 1178 3879 eorum
1210 3817 1428 3890 submovebat,

481 3914 589 3979 dicens
604 3936 657 3978 eos
672 3915 858 4000 possessioni
881 3931 913 3981 et
936 3917 985 3981 liti
1008 3918 1214 3992 renuntiasse,
1230 3918 1361 4003 quando
1384 3919 1429 3982 eis

483 4016 607 4081 fructus
633 4014 770 4080 ecclesiae
793 4030 955 4103 asportare
978 4017 1134 4103 permisit,
1157 4018 1290 4082 offerens
1312 4042 1345 4082 se
1368 4020 1427 4082 hoc

481 4118 743 4183 sufficientissime
768 4114 987 4204 probaturum.
1033 4122 1140 4198 Quum
1166 4140 1242 4203 ergo
1269 4118 1358 4183 miles
1380 4123 1428 4183 iu·

481 4234 590 4297 staret,
606 4234 643 4285 ut
665 4222 810 4285 monachi
832 4243 921 4285 suam
944 4222 1115 4286 fundarent
1136 4221 1356 4297 intentionem,
1371 4235 1428 4284 aut

479 4322 671 4408 exceptionis
692 4324 761 4407 ejus
783 4324 1007 4389 admitteretur
1029 4325 1187 4410 probatio,
1207 4322 1353 4387 monachi
1375 4322 1427 4386 de·

480 4424 632 4489 clinantes
653 4422 834 4488 conflictum
858 4447 891 4488 se
912 4426 993 4487 citra
1017 4424 1229 4508 coguitionem
1254 4446 1358 4489 causae
1380 4447 1428 4486 re-

479 4526 569 4592 stitui
584 4524 796 4609 postulabant.
837 4525 888 4589 Ad
901 4525 970 4590 baec
980 4524 1070 4587 miles
1082 4538 1218 4588 vestram
1232 4526 1426 4609 majestatem

478 4648 541 4690 non
555 4626 752 4712 praecepisse,
769 4638 804 4691 ut
821 4625 867 4689 illi
882 4628 1134 4700 instituerentur,
1151 4624 1204 4688 sed
1226 4625 1429 4689 restitueren-

479 4739 544 4803 tur,
560 4739 592 4790 et
614 4749 653 4790 ex
669 4727 766 4791 verbo
788 4727 1010 4803 restitutionis,
1026 4725 1095 4789 aliis
1117 4750 1191 4812 quae
1215 4727 1247 4790 in
1270 4748 1358 4789 sacro
1380 4748 1428 4788 re-

479 4827 597 4912 scripto
611 4840 716 4891 vestro
727 4828 980 4903 continebantur,
992 4850 1095 4891 causae
1110 4828 1322 4912 cognitionem
1338 4826 1429 4890 nobis
