3300 6434
347 1152 456 1233 lica]
729 1169 908 1219 snrsroum.
1234 1159 1297 1220 sla

341 1322 421 1405 qnid
443 1343 520 1406 ergo
546 1324 648 1402 robis,
670 1324 720 1386 vel
749 1323 910 1388 Ecclesiae
936 1329 1060 1400 vestrae,
1084 1335 1140 1387 aut
1167 1324 1299 1388 domino

342 1423 547 1506 Wigornensi
570 1425 761 1497 incubuerit,
789 1424 882 1488 illum
907 1424 1032 1488 faciatis
1061 1425 1238 1501 conveniri,
1264 1435 1301 1490 ut

343 1546 404 1610 pro
426 1525 518 1590 vobis
544 1538 577 1590 et
599 1527 737 1591 ecclesia
768 1526 831 1590 Dei
858 1537 1062 1591 commoneat
1085 1546 1205 1608 regem,
1234 1527 1302 1611 qui,

342 1627 427 1690 sicut
440 1627 474 1689 in
489 1625 545 1690 illa
564 1628 665 1691 nobili
687 1628 833 1711 epistola
848 1649 917 1703 sua,
934 1649 1006 1711 quae
1024 1627 1092 1712 jam
1114 1627 1298 1711 provincias

344 1736 377 1791 et
390 1748 488 1809 regna
503 1728 628 1801 circuit,
645 1737 779 1792 testatus
794 1740 855 1806 eat,
871 1730 977 1793 Dulce
992 1737 1084 1813 putat
1098 1728 1301 1811 obsequium,

345 1848 444 1911 qunm
469 1827 668 1907 admonetur,
690 1839 724 1892 ut
749 1830 887 1912 corrigat
917 1828 1047 1914 siquid
1077 1828 1246 1912 deliquerit
1268 1829 1302 1892 in

346 1929 530 1994 Dominum.
591 1933 676 1995 Nam
708 1933 763 2015 qui
800 1931 938 2015 deliquit
972 1931 1007 1993 in
1043 1930 1239 2015 proximum,
1267 1930 1301 1995 in

344 2029 520 2094 Dominum
545 2053 675 2117 quoque
699 2032 855 2116 deliquit;
885 2042 918 2095 et
938 2053 1094 2115 sponsum
1121 2032 1302 2096 exhonorat

289 2120 295 2129 ⁹
347 2131 521 2211 Christum,
535 2134 731 2218 quicumque
753 2133 923 2197 inhonorat
944 2132 1128 2197 Ecclesiam
1149 2153 1302 2216 sponsam

346 2231 426 2317 ejus.
471 2234 555 2297 Sunt
569 2235 655 2298 enim
671 2255 789 2317 corpus
808 2256 921 2311 unum,
936 2234 1003 2297 imo
1018 2243 1051 2297 et
1065 2233 1195 2318 spiritus
1208 2254 1303 2312 unus,

347 2343 390 2408 et,
406 2334 495 2417 quod
517 2335 653 2419 amplius
668 2346 726 2414 est,
741 2336 913 2400 collatione
936 2335 1043 2417 gratiae
1065 2333 1302 2419 quodammodo

347 2443 423 2496 sunt
438 2435 529 2497 Deus
543 2456 637 2513 nnus,
652 2435 728 2498 dum
744 2433 924 2499 admirabili
939 2435 1133 2499 commercio
1149 2435 1215 2512 illa,
1230 2456 1302 2518 quae

348 2535 452 2599 carnis
467 2547 541 2598 sunt
555 2558 596 2598 ex
616 2547 729 2600 natura
751 2536 914 2620 primitiva
937 2537 1080 2599 Domino
1100 2536 1250 2618 impertit,
1267 2545 1304 2600 ut

348 2636 389 2698 ab
414 2656 453 2698 eo
475 2635 708 2717 plenitudinem
733 2634 850 2698 divinae
873 2646 994 2699 naturae
1017 2635 1162 2718 recipiat,
1178 2645 1210 2697 et
1231 2635 1303 2698 oleo

347 2737 552 2800 exultationis
568 2736 704 2820 quadam
721 2737 844 2800 ratione
860 2737 1012 2800 consortii
1024 2736 1166 2801 abundet
1180 2738 1221 2800 ab
1237 2737 1306 2813 illo,

348 2848 380 2902 et
394 2838 503 2900 effluat
517 2848 592 2900 tota.
638 2838 835 2899 Primitivam
850 2847 997 2901 naturam
1013 2837 1153 2901 dixerim
1167 2858 1208 2901 ne
1223 2838 1303 2901 abu·

350 2938 450 3001 sionis
470 2938 665 3000 inveteratus
686 2956 756 2999 mos
775 2945 890 2999 nutura
909 2947 1086 3019 reputetur,
1095 2936 1193 3019 juxta
1208 2958 1302 3020 quem

352 3059 463 3102 omnes
478 3059 587 3101 sumus
600 3047 714 3100 natura
729 3037 786 3100 filii
807 3037 874 3114 irae,
888 3058 955 3099 non
976 3036 1065 3120 quod
1079 3037 1114 3099 in
1130 3057 1169 3100 ea
1183 3037 1305 3101 conditi

353 3162 473 3220 sumus,
493 3140 549 3204 sed
575 3141 651 3223 quia
672 3141 704 3202 in
729 3161 800 3203 eum
823 3138 1097 3223 degeneravimus.
1149 3141 1245 3219 Nam,
1270 3148 1306 3202 ut

353 3244 397 3306 ait
412 3244 536 3320 Orator,
552 3262 627 3305 usus
647 3244 747 3306 altera
761 3252 875 3306 natura
890 3251 984 3319 est,a
1003 3263 1067 3325 quo
1083 3240 1306 3304 difficillimum

353 3357 402 3408 est
416 3346 520 3408 avelli.
566 3346 637 3407 Nec
653 3353 759 3407 tamen
780 3343 1068 3426 archisynagogum
1090 3339 1213 3405 idcirco
1228 3361 1306 3404 con·

354 3443 546 3509 veniendum
566 3463 694 3517 censeo,
717 3443 795 3524 quia
820 3441 956 3503 multum
979 3461 1103 3523 sperem
1125 3461 1183 3503 vos
1205 3441 1308 3523 ipsius

354 3545 531 3630 patrocinio
560 3564 655 3628 posse
686 3543 854 3625 proficere,
882 3540 940 3605 sed
966 3551 1002 3604 nt
1028 3541 1142 3604 veritas
1171 3542 1308 3624 amphus

354 3648 526 3719 elucescat,
552 3657 585 3708 et
606 3657 641 3709 ut
665 3646 698 3708 in
724 3645 830 3708 verbis
853 3643 1027 3721 mendacii,
1053 3643 1141 3726 quod
1170 3644 1308 3728 Spiritus

355 3759 485 3812 sanctus
507 3747 632 3811 inhibet
653 3767 711 3830 per
732 3747 934 3830 prophetam,
958 3745 1090 3809 ulterius
1112 3766 1206 3808 nemo
1229 3767 1305 3810 con·

357 3846 447 3914 fidat.

400 3954 447 4016 Ut
468 3953 581 4035 paucis
602 3949 793 4015 concludam
819 3950 906 4035 quod
929 3951 1043 4024 sentio,
1067 3961 1121 4013 aut
1143 3949 1309 4033 Scriptura

356 4076 428 4139 quae
451 4055 530 4118 solvi
553 4075 618 4118 non
640 4063 758 4138 potest,
781 4053 882 4117 fallax
902 4063 935 4116 et
957 4053 1036 4115 salsa
1058 4062 1118 4130 est,
1140 4060 1174 4115 et
1194 4052 1309 4114 veritas

357 4157 421 4220 Dei
436 4177 456 4219 a
470 4157 576 4239 seipsa
595 4155 779 4237 degenerat,
801 4165 856 4217 aut
877 4154 911 4216 in
933 4152 1057 4235 laqueis
1077 4153 1143 4216 suis
1165 4172 1309 4235 compre·

358 4257 539 4321 hendentur
567 4257 680 4340 iniqui,
706 4267 738 4320 et
768 4256 824 4339 qui
854 4254 939 4319 fratri
964 4254 1088 4317 foveam
1117 4263 1219 4339 parat,
1241 4253 1311 4337 ipse

360 4358 483 4423 incidet
496 4360 528 4420 in
550 4381 620 4422 eam
640 4359 736 4442 prior.
782 4356 921 4435 Christe,
935 4356 1072 4440 teipsum
1088 4355 1255 4428 convenio,
1271 4365 1314 4434 te,

360 4459 416 4543 qui
442 4458 631 4523 indeficiens
653 4460 768 4522 veritas
792 4480 837 4537 es,
864 4459 1003 4541 appello,
1030 4457 1062 4519 in
1089 4452 1232 4520 extremo
1259 4455 1311 4520 die

353 4561 471 4644 judicii
495 4572 594 4639 tuum,
616 4562 643 4624 si
664 4561 746 4624 ratio
769 4560 960 4644 permiserit,
973 4560 1200 4640 redarguturus
1223 4580 1312 4622 men-

360 4662 500 4738 ducium,
520 4663 582 4725 nisi
605 4683 670 4746 quo
688 4662 817 4748 judicio
836 4663 907 4746 quis
923 4661 1128 4746 judicaverit,
1138 4659 1313 4745 judicetur,

360 4777 393 4828 et
406 4787 586 4829 mensuram
600 4765 794 4847 ,condignam
808 4764 941 4848 recipiat
956 4785 1013 4847 pro
1028 4784 1183 4827 mensura.
1214 4763 1308 4828 Certe
