3300 6434
379 1266 487 1347 1166.]
760 1284 938 1331 arrsrora.
1262 1276 1324 1335 2³³

374 1436 550 1519 negotium,
565 1437 693 1520 plenam
709 1437 851 1499 continet
865 1436 1060 1520 aequitatem,
1070 1437 1132 1499 nisi
1147 1438 1228 1502 forte
1244 1451 1324 1502 tem·

372 1559 449 1621 pore
472 1537 560 1621 pacis
575 1549 810 1601 antecessorum
827 1547 1001 1600 vestrorum
1024 1558 1043 1600 a
1065 1549 1153 1621 parta
1175 1540 1324 1605 altenrtra

372 1638 572 1703 consuetudo
602 1653 752 1721 usurpata
781 1639 824 1701 sit
850 1648 962 1702 contra
984 1639 1168 1701 Dominum.
1223 1640 1324 1704 Nullo

370 1744 455 1805 enim
473 1761 613 1823 unquam
634 1750 738 1803 tractu
754 1741 905 1824 temporis
921 1750 976 1804 aut
997 1741 1117 1823 placito
1132 1741 1323 1805 contrahen-

370 1843 447 1903 tium
464 1841 651 1919 continebit,
664 1846 699 1902 ut
715 1841 800 1923 quod
813 1852 925 1904 contra
941 1842 1005 1904 Dei
1017 1841 1170 1905 mandata
1185 1842 1323 1905 scienter

369 1938 583 2025 presumitur,
603 1942 746 2021 licenter,
769 1942 887 2006 nedum
908 1942 996 2026 juste
1018 1943 1084 2020 fiat,
1104 1943 1168 2005 imo
1193 1954 1229 2004 ut
1256 1963 1322 2006 non

370 2039 575 2104 criminaliter
591 2042 815 2105 committatur.

413 2142 572 2207 Ceterum
595 2142 674 2205 mihi
697 2154 848 2226 suspecta
869 2155 954 2221 sunt,
975 2156 1008 2205 et
1028 2141 1201 2205 infidelitas
1223 2162 1320 2224 quam

367 2243 465 2307 audio
479 2244 584 2325 gentis
595 2252 719 2322 vesuae,
730 2254 763 2307 et
777 2243 925 2308 terribilis
939 2266 977 2308 ac
990 2244 1154 2308 maliciosa
1168 2244 1320 2327 potentia,

367 2366 462 2429 quam
478 2345 571 2408 multi
586 2343 804 2428 experiuntur,
818 2347 916 2428 partis
930 2345 1082 2423 adversa,
1093 2354 1130 2408 ut
1143 2365 1209 2408 non
1224 2344 1318 2408 facile

367 2445 495 2511 credam
517 2447 608 2528 quod
623 2446 777 2510 voluntati
793 2446 862 2530 ejus
884 2446 1055 2531 quisquam
1077 2445 1196 2509 audeat
1215 2446 1318 2510 reluc-

367 2547 436 2621 tari,
453 2557 486 2610 et
503 2548 636 2610 sortasse
659 2567 732 2611 cum
755 2547 979 2611 archidiacono
995 2561 1109 2625 restro,
1124 2546 1217 2631 cnjus
1232 2568 1318 2610 rere·

364 2649 459 2712 batur
472 2647 673 2724 industriam,
688 2658 721 2712 et
735 2649 979 2712 familiaritatem
996 2648 1066 2732 ejus
1081 2648 1123 2711 ad
1138 2669 1195 2711 vos
1216 2649 1316 2711 habe·

364 2752 420 2814 bat
443 2767 636 2832 suspectam,
656 2751 801 2814 exercuit
821 2750 1019 2826 iuimicitias,
1041 2759 1075 2812 ut
1097 2770 1195 2833 quum
1217 2749 1247 2812 ei
1268 2769 1316 2812 re-

362 2852 553 2914 conciliatus
568 2850 672 2927 luerit,
687 2851 727 2915 de
751 2864 867 2915 caetero
890 2863 1002 2914 contra
1016 2873 1090 2914 eum
1109 2851 1224 2914 mutire
1247 2870 1314 2913 non

362 2951 495 3014 audeat:
520 2950 577 3012 sed
593 2971 654 3013 nec
670 2952 735 3028 alii,
749 2973 832 3033 quos
846 2952 941 3033 hujus
956 2953 1105 3035 exemplo
1120 2952 1242 3030 terruit,
1256 2951 1314 3015 sed

360 3051 462 3130 magis
486 3057 606 3128 nostro,
621 3051 761 3113 maxime
777 3062 894 3127 autem,
910 3052 985 3134 quia
1009 3072 1043 3114 sa
1059 3054 1156 3115 talem
1179 3052 1314 3115 exhibet

360 3164 395 3214 ut
424 3150 520 3213 videri
553 3152 626 3213 velit
655 3152 724 3215 sine
756 3154 867 3215 timore
899 3153 1042 3229 Domini,
1073 3166 1107 3216 et
1136 3152 1312 3217 reverentia

358 3252 531 3315 hominum.
582 3248 700 3315 Potens
725 3264 904 3317 astantem
931 3254 1023 3318 Deus
1049 3253 1180 3336 erigere,
1204 3264 1237 3316 et
1262 3252 1311 3316 di·

357 3354 456 3435 rigere
472 3375 601 3417 causam
617 3367 761 3432 vestram,
777 3356 842 3418 imo
865 3377 954 3419 suam
969 3357 1002 3418 in
1025 3358 1174 3419 manibus
1188 3350 1309 3418 vestris.

357 3457 401 3518 Et
419 3457 474 3540 qui
498 3457 608 3520 Israeli
631 3478 674 3519 ex
696 3457 847 3521 mandato
871 3459 1005 3521 Domini
1027 3455 1068 3518 ad
1089 3456 1309 3539 promissionis

356 3555 488 3639 patriam
510 3557 672 3620 festinanti
696 3559 833 3638 gratiam
850 3558 986 3620 contulit
1007 3557 1221 3629 inimicorum,
1238 3576 1308 3619 ves·

356 3667 421 3719 tros
433 3676 561 3740 quoque
577 3654 750 3739 AEgyptios
765 3657 884 3739 poterit
893 3668 949 3721 aut
963 3659 1101 3741 placare,
1111 3666 1167 3721 aut
1177 3659 1308 3724 omnino

355 3756 546 3818 subvertere.
604 3757 715 3818 Unum
744 3757 825 3832 scio,
856 3757 944 3841 quod
968 3758 1076 3842 justus
1105 3756 1234 3822 tandem
1264 3760 1306 3825 de

354 3857 500 3938 angustia
513 3858 710 3932 liberabitur,
722 3871 755 3923 et
768 3858 913 3922 tradetur
926 3858 1045 3942 impius
1058 3879 1117 3940 pro
1131 3879 1180 3923 eo.
1218 3860 1306 3926 Gau·

354 3957 546 4021 decantem
578 3980 690 4043 pacem
721 3974 754 4024 et
783 3961 919 4041 gratiam
949 3962 1019 4049 ejus
1044 3962 1136 4024 robis
1164 3963 1304 4045 plenaria

352 4060 537 4124 restitutam.
584 4059 647 4126 Sed
665 4063 772 4140 timeo,
787 4062 876 4146 quod
891 4062 987 4144 absit,
998 4085 1039 4126 ne
1054 4083 1141 4127 mora
1155 4062 1304 4138 hominis,

351 4163 500 4225 omnibus
526 4176 613 4240 noto,
640 4164 838 4228 simulatoria
862 4176 895 4227 et
919 4171 1142 4227 momentanea
1167 4162 1209 4225 sit
1233 4163 1302 4227 hoec

351 4261 441 4342 pacis
467 4275 500 4326 et
529 4266 637 4346 gratiae
666 4265 842 4328 restitutio:
880 4285 919 4328 eo
949 4262 1078 4347 quidem
1108 4262 1208 4344 magis
1238 4285 1302 4347 qno

350 4362 476 4427 celebre
491 4376 540 4426 est
554 4362 640 4447 apud
664 4385 775 4427 omnes
795 4363 980 4427 incumbere
1004 4363 1140 4426 consilio
1163 4363 1300 4429 locusta·

347 4482 429 4535 rum,
442 4483 575 4544 quarum
588 4474 731 4545 potestas
742 4462 901 4527 duntaxat
910 4464 943 4525 in
955 4463 1075 4545 linguis
1086 4476 1135 4526 est
1146 4476 1179 4526 et
1189 4464 1301 4530 caudis

348 4582 465 4624 earum.
510 4562 604 4635 Quod
620 4562 647 4625 si
664 4573 890 4626 momentanea
905 4564 1008 4640 lirerit,
1023 4576 1144 4627 certum
1159 4576 1208 4628 est
1229 4587 1299 4629 eam

347 4666 442 4729 fuisse
467 4665 659 4744 simulatam,
680 4688 722 4728 ex
746 4687 785 4729 ea
806 4666 969 4749 precipue
996 4681 1158 4743 causant
1181 4670 1229 4732 vel
1253 4669 1300 4733 sic

346 4777 551 4851 extorqueret
581 4767 805 4849 obligationem
838 4766 1010 4843 fidelitatis,
1039 4779 1072 4829 et
1103 4767 1166 4831 nisi
1198 4770 1300 4849 fallor,

343 4870 464 4954 aliquid
488 4872 522 4934 in
547 4892 617 4934 earn
641 4873 746 4935 venire
771 4871 930 4953 opinatur,
945 4868 986 4932 ad
1010 4868 1096 4952 quod
1120 4872 1199 4934 ratio
1222 4871 1297 4935 fidsi
