3300 6434
347 1235 454 1315 llud]
728 1253 909 1298 arrsronla.
1228 1241 1292 1300 258

386 1501 608 1597 EPISTQLA
632 1501 841 1565 CLXL-an
856 1517 1053 1563 marsanam
1071 1517 1251 1565 amomon.

709 1601 753 1681 [n.
770 1619 801 1664 n.
821 1600 929 1681 llos]

655 1758 818 1839 Magistro
833 1756 981 1821 Nicoloo.

387 1887 458 1948 Dru
481 1884 611 1968 quidam
634 1904 654 1946 a
676 1884 974 1968 scriptitationibus,
993 1904 1074 1966 quas
1094 1883 1153 1948 tibi
1172 1884 1295 1949 mittere

345 2007 569 2051 consueveram
590 1986 735 2049 continui
750 1987 926 2049 calamum:
947 1984 1004 2048 sed
1020 2007 1059 2048 eo
1077 1985 1178 2066 magis
1197 1985 1295 2050 fervet

345 2088 486 2151 affectus.
518 2088 603 2149 Nam
616 2097 648 2150 et
657 2086 749 2150 dolor
759 2086 947 2169 plerumque
958 2084 1185 2149 immoderatus
1199 2087 1293 2150 affac-

344 2198 427 2250 tatas
442 2183 610 2270 suspendit
623 2186 781 2262 lacrimas,
790 2206 894 2269 eoque
907 2186 1010 2266 magis
1021 2184 1143 2250 cruciat
1153 2185 1294 2249 animum

342 2289 376 2351 in
396 2289 586 2352 exulcerata
610 2288 726 2351 mentis
748 2288 876 2350 clausus
898 2286 1150 2370 angustiisque
1173 2285 1294 2351 diutius

343 2385 527 2470 egrediendi
542 2399 574 2452 et
593 2387 794 2452 diffundendi
817 2409 852 2451 sc
874 2399 907 2451 et
928 2387 1108 2470 prodeundi
1129 2389 1163 2451 in
1185 2390 1293 2452 lucem

342 2490 475 2555 libertas
489 2491 672 2572 denegatur.
711 2491 782 2553 Nec
798 2489 861 2553 hoc
877 2489 1013 2552 dixerim
1036 2498 1186 2573 tanquam
1201 2488 1295 2554 inun-

345 2591 451 2657 dantis
472 2593 622 2677 procella
642 2595 793 2655 subactus
813 2590 947 2674 impetu,
969 2612 1067 2674 quum
1089 2590 1295 2675 philosophia

345 2693 483 2758 docente
505 2693 685 2769 didicerim,
701 2692 786 2776 quod
809 2691 893 2756 sicut
907 2692 989 2755 male
1007 2701 1123 2755 cuncta
1138 2690 1295 2757 ministrat

344 2794 493 2879 impetus,
517 2796 562 2859 ita
584 2796 675 2877 vigor
699 2793 768 2878 ejus
795 2794 964 2857 dintumus
992 2813 1063 2857 esse
1086 2814 1152 2856 non
1179 2805 1294 2877 potest,

343 2896 499 2978 impulsus
514 2897 638 2959 turbine
650 2907 799 2976 surgente
816 2896 857 2958 ab
873 2896 1047 2977 insperato,
1057 2894 1163 2957 subito
1178 2906 1295 2961 cuncta

345 2996 525 3071 coufimdit,
549 2995 604 3059 sed
628 2997 661 3057 in
686 3007 849 3059 momento
875 2994 1026 3076 disparet,
1052 2994 1109 3058 sed
1130 2995 1196 3059 fere
1220 3010 1294 3061 anto

345 3095 455 3159 deficit
480 3116 576 3180 quam
599 3097 793 3176 languescat.
838 3096 945 3168 Quum
972 3114 1047 3176 ergo
1069 3094 1173 3174 figura
1198 3095 1294 3179 hujus

344 3197 455 3260 mundi
470 3207 668 3281 pertranseat
684 3198 770 3259 velut
785 3198 909 3275 umbra,
922 3207 954 3259 et
968 3205 1130 3260 momento
1145 3196 1292 3272 turbinis,

344 3311 380 3362 ut
393 3300 501 3365 fumus
515 3311 687 3364 evanescat
702 3300 734 3363 in
751 3310 927 3384 conspectu
941 3298 1247 3383 philosophantium,
1261 3311 1294 3363 et

343 3403 445 3484 magis
460 3414 586 3468 constet
605 3424 647 3465 ex
668 3401 732 3465 fide
756 3402 1020 3475 Christianorum,
1037 3421 1177 3483 quonam
1196 3409 1293 3482 pacto

342 3502 376 3564 in
399 3504 561 3586 prosperis
581 3502 632 3565 vel
659 3502 810 3578 adversis,
836 3501 975 3583 sapienti
998 3499 1120 3582 aliquid
1139 3499 1294 3563 videbitur

343 3624 412 3666 asse
438 3603 632 3667 diuturnum.
687 3602 783 3675 Quod
812 3611 920 3664 autem
949 3611 1204 3664 momentaneum
1232 3614 1293 3680 est,

343 3704 435 3785 cujus
460 3703 717 3786 philosophantis
742 3703 882 3765 animum
910 3700 1041 3786 dejiciet
1064 3702 1115 3765 vel
1138 3702 1291 3767 extollet?

344 3804 429 3867 Mihi
445 3804 551 3886 itaque
575 3824 762 3887 persuasum
784 3816 834 3866 est
855 3802 942 3888 quod
958 3804 1058 3868 vitare
1073 3826 1138 3868 non
1160 3826 1292 3888 possum

344 3904 563 3990 equanimiter
588 3906 753 3977 sustinere,
779 3915 811 3969 et
836 3906 892 3970 ubi
923 3927 973 3971 me
1004 3906 1202 3971 conscientia
1226 3927 1291 3972 non

344 4007 513 4087 remordet,
543 4007 681 4091 gaudere
710 4010 742 4071 in
773 4009 1031 4075 tribulationibus
1060 4020 1092 4074 ot
1122 4010 1153 4071 in
1183 4010 1294 4091 rapina

344 4112 511 4188 bonorum,
540 4111 655 4175 divina
685 4112 916 4194 dispensationi
949 4112 1065 4193 gratias
1093 4109 1176 4172 dare
1228 4109 1293 4174 Sed

342 4211 419 4275 licet
440 4233 492 4276 me
515 4234 610 4296 super
623 4212 747 4297 injuriis
770 4224 803 4275 st
824 4211 949 4275 damnis
968 4210 1063 4274 illatis
1086 4208 1213 4271 tristitia
1227 4230 1291 4274 non

345 4312 525 4390 absorbeat,
550 4334 680 4376 moveor
706 4322 811 4375 tamen
839 4309 925 4393 quod
952 4310 1074 4373 amicos
1093 4308 1200 4373 videre
1226 4331 1293 4374 non

344 4414 430 4491 licet,
439 4414 525 4498 quod
541 4423 630 4495 grata
643 4412 872 4475 benevolorum
884 4410 1044 4494 colloquia
1054 4410 1292 4491 subtrahuntur,

346 4512 433 4597 quod
443 4533 551 4575 eorum
567 4534 639 4596 quae
654 4510 732 4574 mihi
748 4520 854 4574 essent
863 4531 904 4573 ex
914 4510 1019 4573 officio
1034 4508 1183 4592 gerenda,
1195 4509 1293 4575 dena·

348 4625 440 4697 gatur
453 4615 584 4678 materia
598 4626 630 4677 et
645 4613 796 4678 facultas:
819 4633 915 4695 super
928 4612 989 4690 his,
998 4613 1140 4696 inquam,
1152 4632 1294 4688 moveor,

345 4741 472 4783 moveor
486 4720 618 4803 inquam
634 4739 730 4802 super
751 4719 821 4795 his;
845 4717 902 4780 sed
923 4736 1018 4801 super
1038 4714 1211 4779 afflictione
1227 4716 1292 4781 Ec·

280 4875 285 4888 .
344 4822 452 4884 clesiae
474 4824 568 4903 louge
589 4820 728 4904 amplius
749 4840 889 4897 moveor,
908 4828 941 4881 at
960 4819 993 4881 in
1015 4816 1193 4883 turbatione
1213 4820 1290 4884 ami·
