3300 6434
316 1140 379 1199 2⁰⁴
577 1152 716 1199 scaurus
732 1151 1009 1200 ammonemus
1179 1134 1236 1218 [A.
1254 1152 1292 1200 n.

320 1316 394 1388 post
422 1304 605 1368 diuturnam
635 1314 668 1368 et
696 1304 842 1368 odiosam
873 1305 951 1368 mihi
982 1326 1102 1370 moram
1132 1306 1294 1371 carin&

318 1418 427 1468 restra
457 1405 612 1469 sedulitas
642 1405 683 1469 ad
707 1406 951 1470 instructionem
976 1427 1083 1470 meam
1105 1408 1283 1491 compegit

319 1508 436 1582 omnia,
451 1529 523 1591 quae
538 1528 581 1572 ex
599 1507 753 1591 opinione
770 1518 874 1571 vestra
889 1509 981 1572 robis
996 1509 1110 1572 obesse
1124 1521 1288 1592 poterunt

320 1609 370 1670 rel
385 1607 548 1692 prodesse.
592 1608 637 1672 Et
651 1608 729 1672 licet
749 1608 897 1692 quodam
913 1629 1022 1672 eornm
1036 1629 1093 1692 per
1107 1609 1187 1673 alios
1202 1622 1290 1675 ante

323 1708 536 1790 cognoverim,
564 1708 673 1771 nullus
703 1720 809 1770 tamen
839 1708 887 1771 sic
920 1708 1093 1791 speciatim
1129 1708 1290 1775 universa

323 1810 458 1892 peregit,
487 1819 521 1872 et
557 1807 691 1891 singula
746 1810 888 1873 Fuerunt
924 1822 1031 1874 autem
1060 1811 1170 1875 omnia
1204 1832 1290 1878 ren

324 1910 471 1989 audistis,
484 1911 561 1974 licet
576 1911 713 1995 piurima
726 1911 808 1974 falsa
822 1932 892 1974 esse
907 1932 974 1975 non
985 1913 1158 1993 ambigam
1187 1912 1287 1986 Quid

326 2011 413 2076 aliud
444 2015 512 2076 sine
541 2012 654 2076 salutis
684 2011 857 2095 dispendio
886 2011 989 2076 facere
1014 2033 1156 2096 possum,
1180 2034 1286 2098 quam

324 2115 412 2198 quod
432 2135 475 2178 ex
500 2114 680 2178 testimonio
706 2113 916 2177 conscientiae
936 2114 1114 2197 praescribit
1138 2115 1233 2194 ratio,
1247 2125 1286 2183 et

327 2214 400 2298 ipsa
436 2214 534 2278 officii
571 2214 635 2276 mei
679 2212 857 2276 necessitas
897 2212 1064 2277 inexorata
1104 2214 1286 2297 compellit.

329 2313 448 2378 Nonne
467 2334 565 2398 quum
592 2311 634 2376 ad
660 2310 782 2374 domini
806 2311 889 2392 regis
919 2313 1039 2376 curiam
1064 2313 1292 2393 accessissem,

327 2415 360 2478 in
387 2416 476 2478 omni
499 2414 678 2477 bumilitate
708 2413 846 2476 offerens
877 2434 1111 2499 quamcumque
1137 2414 1287 2479 sanciac-

327 2516 458 2588 tionem,
481 2515 555 2599 jura
584 2513 811 2597 permitterent,
842 2515 892 2577 rel
924 2516 1072 2578 voluntas
1108 2536 1166 2579 sua
1200 2515 1288 2581 mibi

327 2615 495 2692 indiceret,
509 2616 674 2677 honestate
691 2613 857 2690 incolumi,
872 2616 1024 2681 exclusus
1046 2638 1115 2680 sum
1138 2638 1157 2679 a
1177 2617 1287 2681 forma

327 2719 430 2801 pacis,
459 2737 532 2800 quae
553 2726 638 2778 'tnnc
668 2714 821 2796 magistro
852 2716 1005 2800 Philippo
1035 2719 1144 2781 oblata
1172 2729 1223 2782 est
1249 2732 1286 2785 et

327 2816 446 2885 ulan?
472 2815 636 2890 Quidnam
651 2827 718 2879 erat
732 2816 866 2882 ulterius
881 2817 1087 2881 faciendum?
1112 2819 1285 2905 Numquid

326 2921 547 3006 possessiones
574 2915 654 2982 milri
683 2940 741 3003 pro
776 2919 849 3002 lege
885 2921 1018 2985 Domini
1055 2922 1211 2987 violenter
1249 2935 1284 2989 et

327 3021 499 3087 crudeliter
528 3019 672 3084 ablatae?
712 3019 799 3104 quod
831 3041 942 3084 secure
979 3033 1137 3104 protestor
1172 3043 1285 3089 coram

327 3123 471 3186 Domino
500 3122 570 3205 qui,
597 3121 675 3184 velit
710 3121 792 3185 nolit
825 3120 975 3198 mundus,
997 3121 1200 3207 judicaturus
1234 3139 1287 3191 est

328 3244 458 3288 eausam
473 3223 648 3299 istam,tam
664 3221 749 3306 turpi
764 3233 854 3285 erant
869 3223 1061 3287 commercio
1077 3225 1287 3308 redimenda,

328 3337 364 3389 ut
381 3325 520 3410 jurarem
534 3345 587 3387 me
600 3325 839 3387 observaturum
859 3322 1110 3390 consuetudines
1127 3349 1207 3412 ques
1225 3329 1286 3394 lex

329 3427 463 3494 Domini
488 3424 695 3500 condemnat,
718 3437 751 3489 et
779 3445 908 3489 omnem
938 3425 1184 3513 archiepiscopo
1212 3450 1293 3495 meo

330 3525 544 3590 obedientiam
574 3524 779 3609 abjurarem?
816 3524 954 3590 Possent
982 3526 1053 3591 haec
1084 3528 1126 3592 ad
1155 3530 1286 3595 subver-

330 3629 453 3691 sionem
483 3626 558 3690 fldei
585 3649 665 3691 meae
691 3628 847 3704 sufficere,
871 3626 927 3689 sed
942 3639 1047 3691 tamen
1063 3631 1195 3694 ulterius
1210 3651 1287 3713 pro·

257 3740 259 3743 ·
332 3745 459 3788 cessum
473 3736 521 3787 est
535 3726 568 3785 iu
584 3745 635 3799 ea,
651 3747 724 3810 quae
740 3729 836 3790 etiam
854 3729 897 3790 ab
914 3727 1101 3793 adversariis
1116 3731 1289 3799 honestius

332 3834 438 3889 essent
459 3825 555 3886 tacita
576 3844 671 3906 quam
694 3847 856 3908 expressa.
903 3829 977 3890 Non
1000 3831 1111 3913 utique
1126 3831 1160 3893 in
1176 3852 1288 3911 regem

331 3928 393 3991 ista
413 3923 558 4002 refundo,
573 3923 629 3987 sed
652 3926 685 3988 in
708 3927 838 4009 eosqui
859 3948 892 3990 se
913 3928 1054 3991 animum
1073 3929 1143 4016 ejus
1158 3932 1291 4015 plenius

331 4049 427 4094 nosse
448 4026 611 4103 dicebant,
633 4038 796 4110 erantque,
817 4037 854 4088 ut
873 4026 1078 4109 jactitabant,
1098 4029 1292 4113 interpretes

332 4129 504 4194 voluntatis
529 4125 607 4211 ejus.
652 4129 728 4211 Ipse
755 4127 840 4190 enim
863 4147 913 4189 me
941 4127 1089 4192 audiente
1111 4151 1177 4193 nou
1199 4128 1291 4200 dixit

332 4230 420 4315 quod
440 4241 495 4292 aut
513 4249 630 4301 meam,
650 4240 705 4292 aut
726 4229 829 4312 ipsius
851 4228 1006 4293 dedeceat
1025 4230 1235 4312 honestatem,
1249 4235 1288 4299 in

332 4351 437 4416 eoque
451 4330 518 4392 solo
533 4329 638 4411 ipsum
652 4350 785 4413 possum
796 4351 936 4411 arguere,
946 4332 1034 4414 quod
1044 4354 1141 4416 quum
1153 4355 1288 4419 respon·

333 4455 406 4498 sum
421 4430 608 4512 flagitarem,
624 4427 664 4492 de
680 4419 851 4513 dispendio
872 4451 973 4493 rerum
989 4446 1021 4495 et
1039 4436 1190 4518 temporis
1207 4457 1290 4500 con.

334 4554 481 4620 quereus,
503 4531 549 4593 sic
578 4530 789 4614 detorquebat
814 4532 955 4610 verbum,
977 4547 1013 4596 ut
1038 4545 1102 4598 tam
1128 4537 1287 4620 majestati

332 4648 365 4711 tt
379 4634 538 4698 honestati
560 4654 627 4696 sum
648 4654 743 4717 quam
760 4655 839 4697 meae
862 4635 1043 4700 necessitati
1065 4649 1150 4701 esset
1169 4660 1287 4723 usque·

334 4758 461 4836 qrraquc
492 4736 614 4803 inutile.
666 4734 779 4798 Sciens
808 4756 885 4814 ergo
915 4748 947 4800 et
976 4737 1126 4819 prudens,
1151 4761 1208 4822 pro
1238 4741 1288 4803 in·
