3300 6434
719 989 846 1047 334
1229 1003 1506 1047 somnis
1540 1000 2101 1049 sanssnsauznsrs
2502 992 2607 1067 [A.
2642 1002 2703 1048 n.

719 1165 817 1217 tes
860 1150 1127 1216 titulum
1173 1152 1590 1240 haereditatis,
1629 1177 1765 1240 quo
1800 1153 1885 1218 ad
1932 1153 2497 1221 Gabaonitarum
2552 1176 2706 1242 pra-

717 1276 878 1331 cem,
922 1277 1200 1339 quorum
1244 1267 1495 1339 gentem
1540 1255 1707 1321 inter
1751 1256 2113 1323 sacerdotes
2154 1257 2443 1333 Doech,
2489 1257 2705 1343 regie

716 1354 1173 1440 indignationis
1246 1355 1549 1432 minister,
1610 1355 1949 1433 afflixerat,
2018 1355 2343 1442 patibulo
2420 1358 2701 1445 legatur

717 1457 1001 1524 affixum.
1088 1459 1180 1522 Et
1226 1458 1438 1523 adhuc
1479 1458 1737 1543 respicit
1782 1459 1967 1524 Deus
2003 1461 2067 1524 in
2108 1462 2510 1525 orationem
2562 1461 2689 1525 bu-

718 1561 988 1638 milium‚
1020 1573 1086 1625 et
1117 1582 1239 1624 non
1273 1560 1515 1646 spernit
1550 1582 1767 1645 preces
1794 1582 2037 1626 eorum.
2130 1562 2289 1638 Qua
2324 1584 2455 1648 spe
2487 1561 2679 1627 ducti

715 1663 1056 1750 proscripti
1084 1685 1401 1749 pauperes
1427 1676 1637 1738 orant,
1667 1675 1733 1727 et
1765 1664 1929 1739 Deo,
1958 1685 2079 1748 pro
2106 1686 2247 1750 quo
2280 1664 2677 1750 patiuntur,

713 1778 994 1841 auctore,
1044 1764 1293 1852 jugiter
1350 1764 1652 1842 orabunt,
1705 1776 1782 1830 ut
1840 1764 2283 1830 serenissimus
2352 1764 2675 1833 dominus

715 1890 829 1932 rex
864 1868 1217 1954 condignos
1261 1866 1513 1931 fructus
1552 1865 1949 1952 poenitentioe
1981 1865 2201 1944 faciat,
2228 1878 2309 1932 et
2340 1867 2523 1933 iram
2554 1868 2665 1933 de·

712 1968 904 2036 clinet
932 1969 1389 2033 imminentem.

801 2070 1063 2136 Interim
1107 2069 1636 2156 dispensationem
1680 2072 1942 2136 Domini
1987 2070 2454 2156 aequanimiter
2488 2072 2648 2138 tole-

708 2196 945 2255 ramus,
974 2174 1128 2239 certi
1175 2172 1351 2261 quod
1393 2174 1554 2238 nihil
1584 2173 1769 2239 nobis
1811 2196 2035 2239 nocere
2077 2173 2349 2259 poterit,
2384 2174 2443 2239 si
2493 2176 2643 2240 boni

708 2274 775 2340 id
799 2292 894 2341 est
916 2275 1150 2341 divinoe
1173 2275 1332 2361 legis
1354 2275 1757 2342 aemulatores
1779 2275 2111 2340 fuerimus.
2180 2275 2335 2341 Non
2358 2276 2540 2341 enim
2568 2293 2635 2344 ut

706 2374 1023 2441 criminosi
1067 2377 1371 2462 patimur,
1414 2377 1589 2463 quod
1635 2377 1895 2463 publice
1937 2391 2163 2442 notum
2206 2392 2333 2455 est,
2364 2379 2496 2445 nisi
2540 2381 2633 2445 his

705 2475 816 2563 qui
846 2475 1132 2541 laborant
1177 2489 1248 2540 ut
1294 2498 1419 2539 non
1462 2479 1713 2562 sapiant
1756 2502 1907 2563 quoe
1944 2478 2071 2543 Dei
2114 2492 2287 2552 sunt,
2320 2480 2440 2544 sed
2469 2482 2631 2547 affli-

701 2578 917 2664 gimur
946 2594 1020 2642 ut
1054 2577 1417 2659 Christiani.
1513 2579 1591 2642 In
1639 2601 1772 2664 quo
1812 2593 1874 2644 et
1924 2594 2011 2659 te,
2043 2581 2485 2660 dilectissime,
2514 2607 2627 2648 nos

700 2678 1059 2765 gaudemus
1089 2679 1321 2744 habere
1351 2692 1744 2744 consortem:
1807 2703 1935 2744 non
1973 2683 2233 2767 quidem
2266 2696 2385 2746 tuo
2413 2685 2622 2770 (quod

703 2783 881 2849 nefas
926 2784 1118 2865 esset)
1175 2781 1550 2848 insultantes
1599 2782 1886 2868 rejectui,
1931 2782 2046 2847 sed
2094 2789 2624 2869 congratulantes

701 2882 947 2948 virtuti.
1038 2888 1207 2949 Nam
1237 2896 1298 2949 et
1332 2895 1406 2947 tu
1438 2882 1589 2947 fidei
1620 2896 1752 2946 tuae
1782 2882 1990 2947 fecisti
2020 2883 2238 2961 fidem,
2267 2897 2337 2949 et
2373 2898 2622 2972 tempo-

698 2984 927 3049 ralium
964 2985 1283 3069 jacturam
1331 2984 1787 3069 contempsisti,
1818 2984 1974 3048 dum
2022 2987 2353 3050 sectareris
2393 2989 2621 3053 hones·

701 3097 919 3163 tatem,
980 3098 1045 3150 et
1103 3083 1493 3149 satisfaceres
1552 3084 1824 3151 caritati.
1945 3085 2145 3163 Quid,
2202 3084 2437 3152 dilecte
2503 3091 2616 3165 mi,

695 3188 1136 3275 obstupescis?
1198 3186 1352 3274 quid
1399 3186 1744 3253 mussitas?
1809 3186 1969 3274 quid
2015 3187 2335 3253 lucernam
2392 3194 2618 3257 niteris

695 3288 1077 3353 obfuscare?
1136 3287 1369 3351 crimen
1404 3301 1591 3351 tuum
1623 3286 1867 3351 mundo
1895 3286 2174 3353 innotuit
2202 3311 2219 3352 ε
2274 3312 2503 3355 omnes
2534 3293 2616 3357 de

697 3403 760 3455 te
792 3414 983 3455 unam
1030 3391 1403 3455 sententiam
1435 3390 1690 3454 ferunt:
1754 3401 1818 3452 et
1862 3412 1939 3452 ne
1979 3401 2039 3453 te
2070 3389 2316 3455 diutius
2362 3410 2615 3477 protra-

695 3491 865 3566 ham,
898 3491 1358 3576 Evangelicum
1383 3491 1663 3576 implesti
1696 3491 1926 3566 virum,
1954 3514 2075 3575 pro
2102 3492 2300 3556 fratre
2326 3496 2613 3560 animam

695 3612 955 3676 ponens,
1012 3593 1162 3656 dum
1226 3606 1288 3656 te
1349 3617 1468 3679 pro
1514 3594 1775 3677 justitia
1834 3593 2111 3659 maluisti
2169 3595 2613 3676 condemnari,

696 3712 888 3779 quam
932 3690 1151 3768 alium,
1198 3694 1303 3756 cui
1350 3697 1557 3758 virtus
1600 3695 1983 3759 obedientioe
2029 3695 2391 3782 reputanda
2436 3699 2616 3764 vide·

693 3795 909 3873 batur,
953 3793 1016 3859 in
1067 3792 1351 3872 crimine,
1396 3794 1445 3859 si
1491 3816 1713 3857 verum
1761 3796 2095 3872 fateretur,
2139 3800 2447 3876 accusari,
2494 3801 2612 3866 sed

692 3920 808 3963 nec
837 3897 943 3963 ille
976 3899 1079 3977 (ut
1109 3896 1305 3983 vulgo
1335 3896 1595 3977 dicitur)
1627 3894 1821 3960 fidem
1852 3910 1916 3961 et
1948 3897 2372 3965 obedientiam
2406 3923 2613 3967 ausus

690 4012 786 4066 est
831 3998 1136 4086 profiteri,
1167 4021 1282 4063 nec
1327 4012 1424 4079 tu,
1451 3997 1626 4084 quod
1673 3998 2032 4084 gaudenter
2074 4000 2448 4086 amplector,
2479 4002 2613 4067 dif-

688 4100 852 4167 fiteri
883 4100 1191 4187 dignatus
1220 4123 1289 4164 es
1317 4100 1466 4166 fidei
1501 4113 1567 4165 et
1594 4099 1978 4167 obedientiae
2010 4101 2296 4167 titulum.

775 4204 989 4279 Quum
1021 4223 1175 4287 ergo
1204 4200 1406 4286 gratis
1439 4200 1644 4265 virtus
1684 4200 1835 4266 fidei
1866 4203 1950 4267 sit
1981 4201 2044 4268 in
2094 4215 2159 4267 te
2201 4203 2458 4289 punita,
2484 4222 2607 4274 aut

684 4305 900 4391 potius
929 4304 1200 4388 probata
1229 4325 1343 4388 per
1371 4302 1679 4381 homineS‚
1711 4304 2008 4389 nunquid
2039 4305 2307 4391 perfidia
2350 4328 2608 4392 praeva-

683 4404 1049 4482 ricatorum,
1080 4416 1145 4469 et
1192 4403 1722 4467 calumniatorum
1770 4404 2080 4491 iniquitas
2124 4429 2249 4470 non
2294 4409 2602 4474 condem-

683 4506 941 4571 nabitur
972 4505 1143 4593 apud
1197 4510 1457 4571 Deum?
1523 4507 1704 4571 Deus
1733 4507 1887 4571 mihi
1920 4508 2102 4572 testis
2144 4522 2239 4575 est
2284 4511 2597 4595 quoniam

684 4602 868 4667 doleo
922 4607 1158 4673 Christi
1212 4607 1378 4690 regis
1438 4606 1715 4691 sigillum
1770 4630 1904 4672 esse
1954 4608 2371 4674 subtractum.
2468 4613 2601 4676 Sed
