3300 6434
353 1224 546 1304 risa-usn
761 1241 938 1288 ansrorn.
1243 1208 1301 1291 179'

384 1505 606 1570 EPISTOLA
629 1504 874 1568 cxxix-m
890 1524 1119 1570 reomanensi
1137 1526 1270 1612 raram

588 1674 729 1740 Domino
743 1675 850 1757 Popae
864 1674 1060 1742 aaronem.

391 1804 537 1864 Hannnr
559 1823 578 1863 a
602 1797 707 1885 capite
728 1798 872 1863 membra
891 1812 926 1866 ut
942 1798 1082 1884 vigeant,
1096 1812 1127 1864 et
1152 1823 1171 1863 a
1192 1816 1300 1868 sancta

344 1898 489 1963 Romana
506 1896 647 1973 ecclesia,
664 1896 803 1963 Domino
826 1910 966 1967 auctore.
983 1896 1067 1961 salus
1089 1911 1137 1966 est
1152 1903 1295 1966 omnium

343 1997 556 2065 aeclesiarum.
602 1997 697 2065 Unda
713 2020 838 2065 necesse
851 2011 899 2064 est
922 2021 1031 2070 omnes
1054 1999 1165 2064 advos
1188 2024 1295 2067 resur·

344 2124 424 2179 rere,
445 2101 651 2169 incumbente
677 2099 872 2170 necessitatis
896 2100 1044 2177 articulo,
1065 2125 1158 2186 quern
1185 2127 1243 2189 per
1266 2128 1299 2170 se

346 2216 511 2289 nequeunt
527 2202 688 2289 expedire.
735 2202 794 2265 Est
811 2214 919 2268 autem
935 2203 1021 2288 apud
1037 2226 1094 2266 nos
1109 2227 1204 2268 causa
1219 2205 1301 2271 diffi-

348 2304 417 2370 cilis
441 2308 525 2370 inter
547 2302 757 2370 venerabilem
781 2303 911 2370 fratrem
938 2317 1080 2372 nostrum
1110 2305 1300 2372 Michaelam

348 2406 587 2471 Landavensem
611 2405 808 2491 episcopum,
827 2418 859 2469 et
883 2405 1062 2470 liebertum
1086 2406 1187 2471 filium
1212 2422 1299 2473 aute-

346 2508 476 2573 oessoris
491 2508 552 2588 sui,
565 2530 675 2594 quam,
691 2504 750 2570 nisi
773 2505 947 2592 apostoliea
968 2507 1141 2572 auctoritas
1164 2509 1298 2574 interve-

346 2611 423 2688 niat,
446 2610 540 2674 finem
562 2609 679 2675 diebus
700 2609 815 2673 nostris
839 2630 900 2671 nou
922 2608 1082 2678 credimus
1103 2610 1297 2677 habituram.

348 2712 465 2777 Vexati
480 2735 589 2779 sumus
603 2712 636 2777 in
650 2733 689 2776 ea
708 2712 843 2789 diutius,
859 2711 915 2775 sed
939 2712 1147 2779 temeritatem
1172 2716 1298 2800 praefati

348 2815 484 2881 Roberti
498 2815 588 2879 nullo
601 2814 803 2880 correctionis
820 2837 936 2899 genere
958 2816 1122 2901 potuimus
1145 2839 1299 2895 coercere,

347 2921 426 3005 quin
439 2919 609 2982 norissima
619 2918 701 3001 ejus,
713 2930 810 3001 prout
826 2916 917 2984 nobis
932 2916 1163 2993 reserebantur,
1175 2941 1299 3006 semper

348 3031 451 3082 essent
465 3018 624 3083 deteriora
639 3017 807 3102 prioribus.
855 3018 903 3081 Ut
924 3016 1006 3080 enim
1031 3017 1071 3082 de
1087 3020 1227 3105 corporis
1240 3021 1300 3086 irn-

347 3119 506 3185 munditia
520 3131 691 3194 taceamus,
704 3117 859 3195 incendia,
871 3118 1009 3205 rapinas,
1021 3133 1052 3184 et
1065 3120 1168 3185 varias
1179 3122 1299 3206 figuras

344 3220 513 3287 eriminum
529 3221 599 3307 ejus
613 3220 654 3286 ed
674 3244 731 3285 nos
755 3220 883 3307 plurimi
909 3221 1121 3307 perferebant.
1167 3225 1299 3304 Quoties

347 3324 517 3391 inteream
532 3338 565 3389 et
580 3324 776 3392 adversarios
790 3346 867 3388 suos
882 3323 984 3389 multo
1000 3325 1108 3389 studio
1132 3327 1297 3413 multoque

346 3428 454 3492 labore
477 3427 719 3492 reformavimus
740 3448 863 3512 pacem,
880 3430 973 3491 toties
994 3426 1036 3490 ab
1058 3450 1096 3489 eo
1115 3450 1178 3512 pax
1202 3428 1298 3493 saissa

275 3565 287 3590 0
349 3544 381 3595 et
403 3531 575 3594 reformata
603 3528 750 3593 recessit:
786 3528 915 3592 tandem
938 3527 1230 3593 excommunicatus
1258 3532 1299 3597 ab

347 3633 498 3718 episcopo
514 3653 572 3695 suo
587 3643 722 3693 vestram
748 3628 825 3692 adiit
851 3628 1059 3713 majestatem,
1075 3627 1130 3693 scd
1146 3653 1185 3693 an
1210 3631 1301 3695 abso·
1337 3698 1341 3706 ,

348 3730 480 3795 lutionis
502 3742 616 3793 restrae
643 3728 794 3792 meruerit
815 3728 950 3811 gratiam
974 3729 1167 3812 ignoramus.
1213 3738 1299 3819 Apo-

349 3832 474 3897 stolicas
489 3846 592 3897 tamen
608 3831 730 3895 litteras
754 3830 876 3905 retulit,
892 3830 1012 3915 quibus
1028 3834 1215 3898 venerabilis
1236 3835 1299 3900 fra-

349 3951 397 4000 ter
418 3947 526 3999 noster
541 3930 764 4016 Wigornensis
787 3932 953 4019 episcopus
977 3934 1223 4020 praecipiebatur
1240 3936 1298 4014 illi,

341 4049 379 4114 et
402 4033 595 4121 quibusdam
619 4031 830 4119 complicibus
844 4032 921 4108 suis,
934 4032 977 4097 de
1000 4035 1150 4122 episcopo
1173 4037 1299 4102 Lenda·

347 4143 446 4216 vensi‚
460 4152 494 4204 et
517 4137 601 4203 Rad.
625 4136 847 4202 archidiacono
869 4158 928 4202 suo
945 4135 1105 4220 justitiam
1126 4137 1296 4204 exhibere:

351 4240 475 4307 Deinde
504 4240 615 4326 paucis
639 4238 755 4303 diebus
776 4235 891 4321 elapsis
916 4234 1086 4300 adversarii
1113 4236 1182 4321 ejus
1207 4237 1299 4304 nobis

350 4354 464 4405 vestrae
492 4339 701 4404 beatitudinis
730 4338 836 4422 apioes
864 4333 1053 4411 attulerunt,
1078 4338 1299 4423 praecipientes

347 4464 474 4507 oausam
489 4440 553 4505 line
568 4439 677 4506 debito
692 4440 759 4502 sine
773 4436 995 4523 appellationis
1018 4437 1218 4524 subterfugio
1238 4453 1300 4506 ter·

348 4544 472 4618 minari,
489 4565 551 4606 non
566 4547 714 4607 obstante
731 4538 883 4624 rescripto
902 4537 990 4623 quod
1015 4540 1178 4609 Robertus
1199 4566 1300 4608 aves.

348 4663 398 4712 tra
421 4643 664 4711 mausuetudine
686 4664 743 4728 per
765 4640 1001 4725 subreptionem
1023 4640 1175 4709 obtinuit.
1222 4647 1299 4710 Par.-

348 4750 436 4813 tibus
462 4748 571 4833 itaque
597 4745 628 4810 in
655 4761 764 4810 nostra
793 4743 963 4829 praesentia
986 4744 1084 4829 juxta
1113 4747 1297 4814 mandatum

348 4851 557 4938 apostolicum
568 4848 763 4922 convocatis,
777 4845 925 4932 proedioti
942 4846 1077 4911 Roberti
1093 4848 1304 4933 petitioru'bus

800 4955 858 5011 ab
