3300 6434
325 1187 434 1270 11611]
705 1206 884 1253 arrsroaa.
1211 1189 1271 1253 261

319 1369 351 1423 ot
373 1360 523 1424 inventus
545 1380 744 1444 usquequam
768 1359 883 1422 fidelis.
934 1359 1045 1422 Habet
1065 1372 1170 1422 autem
1194 1360 1271 1423 scri·

320 1457 419 1520 bendi
443 1457 599 1540 peritiam,
620 1468 653 1519 et
674 1456 812 1540 plurium
837 1456 1067 1538 experientiam
1090 1456 1273 1531 utilitatum,

321 1580 416 1643 quem
437 1558 464 1621 si
487 1578 544 1641 pro
566 1577 672 1621 amore
695 1571 798 1620 restro
822 1557 914 1620 robis
938 1556 971 1619 in
992 1557 1148 1640 obsequio
1169 1569 1274 1620 restro

320 1660 456 1722 retinere
480 1660 632 1742 placeret,
659 1672 691 1723 et
715 1659 763 1722 nti
789 1659 946 1743 obsequio
969 1657 1050 1742 ejus,
1072 1657 1167 1722 nobis
1190 1668 1276 1721 essct

323 1758 549 1841 gratissimum,
564 1760 640 1844 quia
654 1760 685 1822 ei
700 1760 741 1823 ad
761 1779 903 1842 praesens
919 1781 976 1843 pro
991 1752 1153 1822 vuluntate
1167 1769 1276 1821 nostra

323 1880 388 1922 nou
404 1880 575 1943 possumus
586 1860 763 1944 providere.
793 1859 1110 1924 Coufidimusautem
1123 1858 1274 1945 quoniam

322 1960 408 2046 apud
435 1983 491 2026 tos
515 1984 614 2046 opera
640 1975 754 2027 suaet
782 1963 950 2044 diligentia
973 1964 1214 2045 promerebitur,
1237 1971 1275 2026 ut

319 2062 439 2128 exinde
455 2078 564 2130 nostra
579 2066 628 2127 vel
643 2065 781 2127 aliorum
796 2063 1075 2128 commendatione
1090 2084 1155 2126 non
1171 2076 1271 2145 egeat.

377 2382 541 2447 EPISTO
548 2385 600 2446 LA
624 2384 881 2449 CLXVII.-an
896 2401 1082 2446 aoaanrnrr
1098 2400 1217 2448 rrunrr

600 2504 749 2549 aurora.
778 2485 997 2567 [a.n.1166.]

606 2643 827 2736 Robertofilt'o
843 2646 997 2726 AEpidice.

365 2781 515 2843 anrnn
529 2800 598 2843 eam
619 2801 715 2861 quam
738 2780 865 2842 affectio
880 2780 1018 2843 fraterna
1037 2784 1272 2847 rememoratio·

323 2904 396 2945 nem
428 2892 561 2943 restrum
592 2880 669 2941 mihi
699 2879 831 2955 excitat,
861 2881 973 2943 crebro
1003 2882 1036 2943 in
1066 2896 1172 2947 mente
1201 2904 1274 2948 mea

323 2979 568 3060 congratulandi
583 2980 674 3041 robis
697 2999 827 3041 causam
850 2993 882 3043 et
903 2980 1046 3061 gratiam,
1066 2983 1272 3066 colloquendi

321 3080 525 3144 occasionem
548 3080 724 3163 saepissime
751 3093 882 3164 praestat
906 3082 1124 3145 transmissum
1150 3084 1273 3148 miliia

323 3182 412 3244 robis
435 3181 636 3264 signaculum
660 3180 735 3243 srdei
758 3191 791 3244 et
813 3181 993 3246 devotionis
1016 3183 1150 3264 insigne.
1195 3185 1273 3267 Ipsa

321 3284 406 3347 enim
422 3284 552 3347 materia
567 3283 716 3358 muneris,
732 3282 758 3345 si
780 3284 952 3367 qualitates
972 3283 1073 3364 ipsius
1089 3282 1273 3364 diligentius

321 3387 509 3460 intueamur,
524 3396 560 3448 nt
576 3406 673 3468 quum
694 3382 887 3461 B[aldwini]
905 3382 1170 3457 Archidiaconus,
1189 3382 1271 3463 R[o·

320 3486 428 3568 getus]
448 3486 488 3549 tle
506 3483 673 3546 sideberia
684 3496 716 3545 et
727 3483 913 3544 fraterculus
925 3494 1028 3543 vester
1043 3503 1108 3543 non
1124 3482 1272 3548 dissenti-

321 3599 387 3660 ant,
402 3605 554 3668 expresse
570 3583 692 3645 indicat
712 3581 790 3665 quid
807 3581 1026 3664 principaliter
1041 3581 1222 3648 dominetur
1236 3586 1270 3658 in

319 3686 428 3750 animo
452 3684 616 3747 mittentis,
663 3684 787 3745 Aurum
812 3683 898 3745 enirn
921 3684 1127 3765 imputribile,
1147 3688 1270 3771 largum

320 3787 363 3851 ad
385 3787 612 3863 dilatationem,
631 3807 691 3849 nec
713 3787 786 3867 igne
801 3808 861 3850 nec
885 3786 1088 3853 tunsionibus
1108 3792 1271 3871 minuitur,

320 3910 380 3953 nec
410 3889 704 3965 incontaminabile,
734 3900 845 3973 utpote
874 3889 962 3973 quod
987 3892 1108 3954 nullam
1133 3893 1272 3955 admittit

319 3992 510 4074 rubiginem,
526 3992 611 4054 unde
632 4001 663 4054 et
679 3992 812 4055 aliorum
829 3994 1029 4055 metallorum
1045 3992 1269 4055 custoditivum

321 4104 380 4169 est,
400 4115 506 4155 nonne
530 4092 626 4156 iidem
650 4093 888 4175 imputribilem,
909 4090 1028 4170 largam
1051 4102 1084 4153 et
1105 4090 1269 4156 dilatatam

321 4192 446 4274 ligarat,
482 4196 645 4256 caritatem
675 4202 875 4255 constantem
911 4192 944 4253 in
982 4191 1133 4269 adversis,
1161 4192 1269 4257 mode·

318 4294 475 4357 rationem
499 4294 647 4356 virtutum
673 4294 935 4355 conservatricem
962 4294 994 4355 in
1017 4291 1199 4378 prosperis?
1230 4316 1270 4359 ea

321 4395 418 4471 enim,
433 4394 516 4457 sicut
537 4395 650 4456 melius
672 4394 783 4470 nostis,
800 4394 853 4456 cui
875 4416 978 4458 rerum
1000 4405 1113 4458 natura
1134 4395 1269 4478 physica
1302 4389 1307 4401 ’

320 4496 457 4561 docente
468 4494 616 4572 innotuit,
625 4492 691 4557 auri
703 4507 815 4557 nutura
830 4507 879 4558 cst
894 4517 990 4578 quam
1001 4491 1147 4580 praedixi.
1172 4496 1267 4562 Unde

319 4595 507 4682 prudentes,
528 4595 584 4679 qni
609 4595 777 4678 pecuniam
800 4616 891 4659 suam
912 4598 1022 4661 volunt
1039 4597 1267 4680 imputribilem

319 4718 517 4774 conservare,
536 4717 614 4759 auro
634 4696 771 4759 miscent
787 4709 967 4779 argentum,
988 4710 1023 4763 ut
1039 4720 1082 4763 ex
1101 4700 1169 4763 auri
1188 4721 1266 4767 con·

317 4800 414 4862 sortio
430 4806 593 4878 argentum
605 4797 726 4879 absque
743 4798 889 4879 rubigine
902 4810 1111 4864 conservetur.
1143 4801 1267 4866 Forma
