3300 6434
350 1128 458 1208 ilco]
543 1193 550 1203 ,
733 1144 912 1191 nersronu.
1236 1129 1296 1187 set

343 1322 385 1364 ea
410 1301 569 1383 sapientia
594 1311 626 1363 et
652 1297 883 1374 moderatione,
909 1319 981 1381 quaa
1007 1296 1107 1380 prosit
1132 1295 1299 1373 Ecclesia,

344 1422 405 1484 pro
421 1402 514 1485 cujus
526 1402 658 1465 sortasse
671 1400 807 1464 utilitate
820 1410 852 1462 et
867 1399 968 1462 salute
983 1418 1151 1482 personam
1163 1408 1299 1459 vestram

346 1504 508 1567 Dominus
522 1503 565 1567 ad
580 1503 639 1566 hos
653 1501 805 1564 barbaros
820 1498 1003 1563 destinavit.
1044 1498 1218 1580 Apostolus
1233 1518 1300 1560 om·

344 1606 439 1669 nibus
461 1605 570 1668 omnia
594 1605 697 1667 sactus
723 1613 782 1681 est,
803 1613 840 1666 nt
863 1601 1043 1664 lucrifaciat
1069 1600 1243 1678 universos,
1267 1610 1300 1663 et

343 1728 401 1790 per
415 1707 579 1770 infamiam
594 1716 627 1769 et
643 1707 761 1768 bonam
777 1705 905 1781 samam,
919 1714 952 1766 et
974 1722 1177 1786 quacumque
1193 1712 1299 1785 potest

344 1809 525 1882 occasione,
537 1807 700 1871 Christum
711 1806 886 1869 annuntiat.
926 1804 979 1867 Sic
991 1815 1023 1868 et
1033 1824 1100 1880 vos,
1112 1804 1139 1866 si
1155 1804 1299 1887 potestis,

346 1910 435 1995 apud
449 1911 686 1993 imperatorem3
709 1909 783 1993 quia
802 1908 945 1992 potestis,
961 1907 1049 1990 apud
1072 1907 1299 1971 Coloniensem

344 2013 538 2076 annunciate
554 2011 727 2075 Christum.
773 2011 850 2072 Non
866 2019 914 2072 est
936 2009 1033 2084 enim,
1049 2022 1085 2072 ιιι
1099 2003 1299 2072 fraudulenta

345 2114 511 2176 verborum
537 2111 653 2174 astutia
678 2132 771 2174 suum
801 2130 956 2173 excusare
981 2110 1121 2173 nitantur
1150 2127 1298 2183 errorem,

344 2212 505 2295 redarguit
525 2234 582 2276 eos
605 2212 804 2277 conscientia
825 2232 894 2290 sua,
908 2212 990 2274 male
1014 2211 1055 2275 de
1074 2212 1124 2274 eis
1138 2212 1228 2275 robis
1250 2232 1300 2275 re·

344 2314 482 2397 spondet
502 2327 614 2393 vestra,
629 2335 694 2376 non
717 2314 791 2377 dico
807 2312 915 2397 quoad
938 2309 1210 2397 dispensationem
1229 2334 1299 2378 ves-

342 2427 435 2495 tram,
452 2417 509 2480 sed
531 2415 640 2501 quoad
661 2416 869 2480 temeritatem
892 2434 1013 2478 eorum.
1058 2415 1157 2479 Terra
1179 2412 1298 2480 clamat

343 2517 497 2582 adversus
511 2540 578 2596 eos,
593 2529 625 2582 et
639 2529 830 2601 expectatur
853 2527 887 2580 ut
909 2516 984 2580 coeli
1005 2515 1191 2600 propediem
1210 2538 1298 2580 reve·

342 2620 410 2683 lent
431 2620 630 2703 iniquitatem
653 2639 772 2682 eorum.
818 2619 912 2681 Licet
935 2619 1020 2681 enim
1043 2618 1187 2682 nondum
1209 2639 1298 2682 reve-

341 2722 424 2786 letur
438 2721 580 2801 omnino,
597 2731 703 2784 tamen
719 2719 789 2802 jam
804 2719 947 2783 enervari
968 2729 1002 2783 et
1024 2719 1183 2783 exinaniri
1198 2721 1298 2804 coepit

343 2830 487 2904 potestas
500 2842 622 2899 eorum,
636 2831 669 2883 et
682 2819 782 2884 fastus
804 2819 967 2883 evanescit
986 2820 1020 2881 in
1041 2820 1173 2884 sumum.
1218 2820 1299 2892 Quis

342 2920 430 2982 enirn
449 2919 563 2983 similis
585 2931 652 2982 erat
665 2917 837 2980 Frederico
856 2918 891 2981 in
913 2917 990 2980 filiis
1011 2916 1188 2997 hominum,
1210 2931 1298 2984 ante

346 3041 441 3104 quam
471 3019 505 3082 in
534 3028 704 3101 tyrannum
734 3027 906 3081 verteretur
935 3037 975 3080 ex
1007 3017 1164 3101 principe,
1195 3030 1227 3082 et
1254 3040 1296 3083 ex

346 3121 517 3187 Catholico
529 3121 718 3204 imperatore
731 3119 953 3183 schismaticus
965 3131 998 3183 et
1007 3119 1175 3184 haereticus
1186 3120 1295 3185 ficret?

344 3223 419 3286 Non
443 3222 516 3286 dico
539 3222 625 3306 quod
640 3222 673 3284 in
698 3220 841 3285 articulis
862 3219 952 3295 fidei,
967 3242 1009 3284 ne
1030 3229 1116 3285 recte
1140 3222 1297 3301 credatur,

342 3323 477 3389 inducat
490 3345 638 3402 errorem,
653 3323 710 3387 sed
730 3324 808 3407 quia
828 3323 863 3385 iu
886 3323 1067 3386 sinceritate
1085 3323 1296 3387 ecclesiastici

339 3426 465 3491 ordinis
487 3424 661 3510 procedere
687 3445 753 3488 non
781 3423 867 3487 sinat
889 3424 1063 3486 veritatem.
1109 3425 1168 3488 Ille
1192 3444 1298 3490 sacer·

343 3526 466 3590 dotium
503 3524 599 3590 scidit
632 3522 784 3587 adversus
819 3524 1005 3602 Dominum,
1034 3534 1066 3587 et
1100 3547 1121 3589 a
1154 3526 1296 3590 Domino

342 3627 513 3690 scissuram
537 3625 632 3689 sentit
652 3625 786 3708 imperii.
832 3625 888 3690 Sic
903 3633 937 3689 et
957 3646 1015 3688 rex
1039 3628 1224 3710 Anglorum,
1240 3630 1294 3713 qui

343 3723 457 3790 ricinis
478 3725 681 3810 principibus
702 3736 852 3789 terrorem
874 3728 1064 3804 incusserat,
1080 3750 1122 3792 ex
1145 3751 1209 3813 quo
1232 3732 1295 3794 cal-

341 3848 478 3892 caneum
501 3825 605 3890 erexit
626 3826 776 3890 adversus
798 3829 993 3908 Ecclesiam,
1015 3838 1047 3892 et
1070 3851 1139 3894 eam
1162 3843 1295 3896 conatus

341 3941 392 3994 est
411 3927 570 4012 subjicere
594 3926 747 4004 servituti,
769 3931 810 3993 ab
834 3930 1008 3995 inermibus
1031 3931 1216 3995 hominibus
1238 3954 1295 3995 ex·

342 4043 514 4114 pugnatur,
540 4041 576 4093 ut
600 4029 817 4115 adjacentium
846 4033 1012 4096 nationum
1042 4052 1137 4114 opem
1163 4044 1295 4115 cogatur

343 4130 524 4216 implorare,
538 4143 571 4196 et
590 4131 741 4196 adversus
764 4133 939 4196 Dominum
962 4133 1190 4213 intumescens,
1206 4136 1294 4199 illico

342 4234 510 4297 manifesta
525 4233 637 4297 virium
652 4254 777 4296 suarum
796 4246 828 4296 et
850 4255 978 4298 suorum
994 4236 1093 4298 sensit
1115 4234 1295 4319 dispendia.

341 4334 493 4412 Plurima,
514 4342 560 4398 ut.
574 4334 756 4417 scripsistis,
777 4335 979 4399 machinatur
1000 4335 1117 4411 adhuc,
1141 4338 1199 4401 sed
1221 4359 1294 4421 pro·

342 4435 439 4513 secto,
450 4447 506 4500 aut
516 4435 654 4518 Spiritus
665 4446 805 4514 sanctus,
815 4437 904 4520 quod
915 4458 974 4500 nec
987 4437 1173 4521 prophanus
1184 4438 1295 4517 credit,

341 4537 453 4615 fallax,
478 4546 511 4600 et
534 4537 633 4600 salsus
659 4549 719 4614 est,
742 4551 797 4603 aut
823 4550 1023 4603 convertetur
1047 4538 1142 4603 dolus
1167 4539 1235 4623 ejus
1259 4541 1292 4604 in

341 4649 440 4721 capnt
454 4638 534 4721 ejus,
545 4647 578 4701 et
591 4639 624 4700 in
640 4638 788 4702 verticem
802 4638 905 4721 ipsius
916 4638 1069 4723 iniquitas
1080 4638 1149 4723 ejus
1160 4640 1292 4705 descen·

342 4740 406 4804 det
453 4737 493 4801 In
516 4738 641 4823 laqueis
660 4739 744 4802 enim
761 4739 827 4802 suis
845 4741 1157 4824 comprehenduntur
1180 4743 1293 4826 iniqui,

387 4860 457 4904 voe.
476 4861 497 4905 r.
809 4860 832 4903 r
