3300 6434
386 1272 450 1332 ³16
646 1282 783 1328 maurus
798 1280 1076 1328 ssaasumusnus
1249 1260 1298 1344 [s.
1317 1280 1356 1325 n.

387 1447 539 1515 taceatur,
553 1447 586 1500 et
600 1437 758 1501 Ecclesiae
773 1434 1031 1520 possessionibus
1046 1432 1175 1511 ablatis,
1189 1433 1354 1496 atrociter

387 1538 514 1602 tractati
536 1546 619 1601 sunt.
665 1536 761 1601 Unde
776 1548 810 1601 et
824 1536 1089 1618 archiepiscopus
1111 1554 1220 1615 regem
1239 1533 1353 1616 ipsum

386 1638 585 1704 denuntiavit
606 1638 736 1702 domino
762 1659 856 1722 papae
879 1638 914 1700 in
939 1657 1098 1701 canonem
1121 1633 1290 1709 incidisse,
1314 1645 1349 1698 et
1446 1692 1449 1695 ⁴

385 1742 473 1805 sacto
502 1761 561 1804 suo
590 1760 660 1803 esse
688 1739 1016 1814 excommunicatum,
1042 1736 1106 1801 nisi
1134 1736 1216 1800 forte
1246 1736 1348 1800 sedes

386 1841 568 1925 apostolica
580 1831 669 1921 leges
683 1840 920 1904 ecclesiasticas
940 1846 1071 1902 censeat
1085 1837 1237 1901 civilibus
1251 1858 1346 1901 com-

386 1942 557 2027 parandas,
587 1962 671 2026 quae,
694 1943 779 2006 sicut
807 1942 853 2005 ait
881 1938 1078 2004 Anacharsis
1107 1937 1242 2020 Scytha,
1269 1938 1347 2001 telis

387 2065 572 2109 aranearum
588 2045 801 2123 conferuntur,
816 2043 1027 2107 retinentibus
1051 2039 1180 2125 quidem
1201 2060 1346 2118 muscas,

388 2144 447 2210 sed
462 2146 748 2210 transmittentibus
758 2141 900 2209 volatilia
914 2141 1093 2225 grandiora
1138 2142 1347 2225 Praeceperat

387 2257 491 2310 autem
508 2247 655 2311 dominus
670 2268 765 2330 papa,
776 2257 812 2310 ut
825 2244 1049 2322 Bituricensis,
1058 2243 1346 2324 Rothomagensis,

388 2347 596 2426 Turonensis,
618 2360 651 2410 et
672 2345 931 2428 Burdogalensis,
948 2356 981 2408 et
994 2343 1211 2408 Eboracensis
1232 2343 1347 2407 obser-

388 2459 473 2528 vent,
493 2458 526 2513 et
546 2450 581 2511 in
603 2450 670 2513 suis
690 2448 863 2532 provinciis
885 2447 1005 2511 saciant
1027 2444 1190 2509 observari
1212 2455 1347 2509 senten·

389 2547 477 2625 tiam,
491 2570 588 2632 quam
610 2549 853 2614 cantuariensis
875 2547 1139 2632 archiepiscopus
1161 2546 1251 2610 sedis
1266 2567 1347 2630 apo·

390 2649 514 2712 stolicae
538 2650 662 2731 legatus
684 2652 778 2714 ferret
799 2652 833 2714 in
856 2649 1078 2714 malefactores
1102 2648 1347 2712 cantuariensis

389 2746 545 2820 eeclesia,
561 2757 594 2810 et
609 2769 693 2812 suos.
741 2751 815 2812 Hoc
832 2762 938 2812 tamen
954 2748 1073 2832 adjecit
1086 2747 1120 2810 in
1134 2747 1252 2810 litteris
1268 2747 1344 2824 illis,

391 2847 550 2930 quianon
574 2849 629 2912 dat
648 2851 834 2914 mandatum
857 2862 893 2914 ut
913 2871 1081 2935 personam
1103 2850 1188 2932 regis
1210 2869 1345 2912 excom·

390 2947 541 3026 muniret,
558 2948 617 3012 sed
637 2972 698 3014 nec
719 2953 870 3034 prohibet
892 2951 1031 3035 quidem,
1048 2950 1124 3034 quia
1138 2970 1211 3012 eum
1234 2962 1347 3032 potes·

389 3058 455 3113 tate
474 3071 533 3114 sua
554 3051 677 3136 privare
701 3074 767 3117 non
794 3054 902 3129 debet,
925 3054 1101 3138 praesertim
1126 3072 1225 3135 quum
1254 3050 1341 3114 idem

388 3171 448 3215 rex
462 3154 617 3236 patientia
630 3155 788 3220 Ecclesiae
803 3158 951 3220 abutatur
966 3155 1000 3217 in
1015 3154 1134 3218 multis.
1183 3154 1346 3237 Proecepit

389 3252 485 3315 etiam
511 3256 570 3316 sub
596 3256 810 3334 anathemate,
835 3270 872 3320 ut
900 3277 1011 3319 omnes
1036 3256 1092 3340 qui
1121 3255 1162 3318 de
1190 3253 1344 3318 mandato

389 3353 485 3435 regis,
500 3356 688 3420 clericorum
710 3359 945 3443 archiepiscopi
960 3358 1082 3423 reditus
1104 3358 1294 3442 receperint,
1309 3369 1343 3421 et

389 3453 475 3519 bona
489 3458 597 3522 omnia
611 3481 684 3523 eum
699 3462 882 3546 integritate
898 3461 1019 3525 eisdem
1041 3461 1210 3524 restituant
1223 3457 1346 3544 quibus

389 3555 495 3621 ablata
509 3571 584 3623 sunt
592 3584 602 3636 ;
623 3564 697 3646 quia
708 3585 776 3642 rex,
788 3563 845 3648 qui
859 3563 895 3625 in
909 3584 1007 3628 causa
1017 3561 1180 3645 praedonis
1191 3571 1345 3638 versatur,

388 3658 468 3720 nulli
491 3671 598 3742 potest
621 3675 772 3745 praestare
792 3666 1023 3728 auctoritatem.
1069 3664 1134 3745 Egi
1157 3662 1236 3726 satis
1257 3661 1346 3745 apud

268 3831 273 3841 ¹
390 3755 651 3827 cantuariensem
667 3787 708 3829 ne
724 3767 838 3830 litterae
853 3767 923 3829 istae
938 3764 1170 3848 procederent:
1194 3763 1251 3827 sed
1267 3785 1345 3827 con·

388 3857 495 3920 silium
511 3867 676 3942 praevaluit
687 3871 821 3934 aliorum
832 3869 1045 3945 suadentium,
1055 3880 1090 3931 ut
1102 3867 1178 3930 dum
1191 3867 1344 3930 dominns

390 3978 475 4043 papa
497 3977 653 4046 superest,
669 3969 761 4053 cujus
779 3983 911 4034 mortem
934 3993 991 4035 rex
1014 3971 1193 4034 desiderare
1214 3967 1345 4050 dignos·

390 4060 480 4140 citur,
510 4065 571 4128 sibi
600 4067 723 4133 indulto
757 4072 935 4155 privilegio,
966 4084 999 4136 et
1028 4071 1197 4136 beneficiis
1226 4081 1345 4145 utatur,

389 4169 563 4247 praesertim
575 4195 672 4256 quum
689 4175 729 4239 ad
744 4176 932 4259 patientiam
947 4178 1017 4262 ejus
1033 4197 1160 4259 semper
1175 4175 1345 4239 crudescat

389 4262 606 4335 inhumanitas
621 4287 653 4337 et
666 4276 848 4339 immanitas
862 4278 958 4359 regis.

434 4368 606 4451 Caetemm,
632 4376 659 4438 si
690 4376 730 4440 ad
761 4399 817 4440 vos
843 4379 996 4443 mandata
1024 4379 1096 4442 hoec
1125 4378 1343 4462 pervenerint,

389 4471 513 4534 nullum
526 4477 697 4540 occasione
710 4500 831 4554 eorum,
844 4503 916 4563 quae
928 4482 1022 4544 uobis
1038 4482 1144 4544 ablata
1159 4492 1243 4557 sunt,
1253 4479 1344 4562 apud

390 4591 445 4634 ros
460 4575 639 4656 periculum
657 4580 807 4654 timeatis,
827 4581 902 4665 quia
922 4582 1076 4665 quicquid
1093 4581 1133 4644 de
1149 4582 1245 4643 rebus
1265 4600 1344 4644 nos·

388 4672 445 4735 tris
463 4674 518 4738 fiet
537 4676 579 4740 ad
598 4680 835 4764 beneplacitum
854 4693 1002 4759 vestrum,
1020 4703 1081 4744 tros
1101 4679 1193 4758 iilud,
1209 4689 1342 4744 auctore

390 4771 541 4855 Domino,
562 4792 665 4844 ratum
692 4792 723 4845 et
749 4792 872 4863 gratum
902 4783 1100 4846 habebimus.
1148 4782 1344 4844 Personatus

390 4872 475 4937 enim
504 4881 688 4961 retinentes,
717 4894 748 4946 et
778 4884 858 4965 jura,
888 4884 1056 4948 mobilium
1082 4883 1240 4967 jacturam
1273 4904 1344 4945 non
