3300 6434
1267 1124 1282 1159 O

352 1230 547 1309 llos-ot]
732 1246 915 1295 urrsrona.
1239 1236 1299 1295 107

349 1397 374 1461 si
390 1396 550 1483 repulsam
575 1396 727 1482 patiatur,
744 1396 783 1460 de
806 1419 941 1482 persona
962 1398 1141 1462 honestaret
1164 1397 1302 1479 literata,

347 1520 448 1582 quum
461 1498 639 1564 Robertum
654 1496 755 1561 filium
771 1496 930 1582 Hardingi
943 1497 984 1562 de
995 1520 1129 1584 persona
1139 1497 1302 1581 illiterata,

348 1612 381 1664 et
396 1599 503 1664 inutili
517 1598 640 1685 pridem
656 1598 806 1681 audierit,
821 1600 881 1663 nisi
906 1622 964 1686 per
988 1601 1156 1666 canonicos
1180 1602 1302 1665 Exoni-

347 1724 448 1781 enses,
461 1713 493 1765 et
508 1700 586 1765 alios
602 1700 747 1766 timentes
762 1702 949 1781 Dominum,
960 1723 1129 1766 consensus
1139 1700 1193 1765 ille
1204 1701 1301 1767 fuerit

347 1799 531 1886 impeditus.
578 1799 710 1885 Scripsit
737 1801 819 1865 enim
847 1823 943 1888 super
972 1801 1033 1865 hoc
1058 1801 1206 1866 dominus
1231 1825 1300 1881 rex,

347 1900 518 1985 ipsumque
539 1899 810 1988 archiepiscopum
834 1901 966 1967 inlecto
987 1902 1150 1988 languoris
1172 1902 1300 1967 decum-

347 2000 485 2081 bentem,
501 2000 630 2087 quidam
648 2001 816 2069 sollicitare
838 2004 909 2068 ausi
930 2017 1016 2083 sunt,
1030 2004 1167 2088 ideoque
1188 2004 1300 2071 donari

347 2105 408 2169 sibi
434 2104 527 2189 petit,
551 2103 638 2189 quod
665 2106 813 2168 canonice
839 2104 907 2168 fieri
932 2116 1050 2191 potest,
1075 2105 1163 2191 quod
1189 2122 1300 2171 contra
1363 2093 1366 2097 Δ

346 2227 483 2270 canones
504 2207 678 2291 pecunioso
699 2204 822 2289 pridem
839 2204 1002 2269 indultum
1025 2216 1082 2269 est.
1128 2206 1230 2271 Fama
1250 2219 1299 2270 est

347 2306 434 2393 apud
459 2328 516 2370 nos
539 2305 626 2392 quod
653 2305 750 2370 trium
776 2308 957 2370 vacantium
984 2304 1226 2393 episcopatuum
1250 2330 1299 2371 re-

347 2409 435 2474 ditus
449 2408 490 2473 ad
506 2408 724 2473 liberationem
736 2421 872 2472 vestram
886 2407 977 2471 vobis
991 2405 1141 2470 dominus
1156 2430 1212 2472 rex
1227 2430 1301 2473 con.

346 2509 484 2590 cesserit,
499 2509 554 2574 sed
577 2530 640 2573 non
656 2508 728 2572 ideo
751 2507 857 2572 minus
880 2506 922 2570 de
946 2504 1122 2591 patrocinio
1138 2519 1243 2573 vestro
1264 2508 1298 2573 iu

345 2632 440 2696 opere
455 2610 517 2675 isto
530 2609 671 2674 conlidit.
718 2608 828 2675 Multa
847 2607 977 2694 quidem
994 2622 1068 2674 suut
1092 2630 1168 2693 quae
1182 2608 1215 2672 in
1239 2608 1300 2673 bac

345 2725 435 2797 parte
457 2712 604 2797 poteritis
627 2710 774 2796 allegare,
790 2733 848 2778 nec
870 2709 987 2774 dubito
1012 2708 1053 2772 de
1075 2713 1206 2786 affectu,
1221 2709 1247 2774 si
1270 2714 1301 2778 ei

344 2833 473 2897 operam
487 2812 565 2877 dare
583 2811 748 2898 placuerit.
793 2815 880 2877 Nota
895 2824 943 2876 ast
958 2809 1118 2875 industria
1134 2823 1249 2889 vestra,
1264 2823 1298 2878 et

346 2913 426 2999 quid
443 2913 566 2979 Lincol.
583 2914 660 2999 quid
687 2914 823 2979 Eborac.
841 2912 920 2977 etin
942 2911 1012 2975 aliis
1035 2912 1146 2976 multis
1160 2913 1299 2998 egeritis,

346 3014 502 3080 neminem
532 3033 675 3079 nostrum
705 3015 791 3079 latet.
837 3014 1001 3079 Dimittite
1030 3014 1165 3079 animam
1197 3019 1299 3101 patris

345 3115 453 3195 vestri,
467 3131 598 3201 accepto
611 3115 764 3181 beneficio
783 3116 959 3203 petitionis,
976 3116 1119 3195 hilarem,
1134 3130 1167 3183 et
1188 3140 1298 3200 preces

345 3214 431 3280 illius
443 3216 567 3281 faciatis
578 3217 694 3294 audiri,
707 3218 774 3304 qui,
786 3217 869 3283 sicut
884 3217 951 3304 ipse
967 3215 1080 3282 litteris
1092 3217 1158 3282 suis
1169 3217 1299 3282 domino

345 3317 414 3403 regi
428 3318 547 3398 scribit,
562 3318 642 3383 nihil
661 3318 795 3383 ulterius
815 3318 975 3405 petiturus
989 3332 1056 3383 est:
1082 3320 1178 3383 verba
1193 3319 1299 3382 suain

344 3440 399 3481 ore
414 3417 522 3483 nuncii
533 3422 652 3508 posuit,
664 3420 758 3506 eique
773 3419 863 3484 dedit
874 3418 906 3481 in
920 3418 1089 3493 mandatis,
1102 3432 1140 3481 ut
1154 3417 1186 3480 in
1197 3418 1298 3482 omni-

344 3519 406 3585 bus
429 3520 463 3585 id
489 3520 641 3607 loquatur
666 3535 697 3585 et
722 3520 828 3599 faciat,
850 3520 940 3606 quod
966 3521 996 3584 ei
1022 3518 1294 3604 predictaveritis.

346 3619 507 3687 Noveritis
521 3635 640 3701 autem,
655 3622 732 3707 quia
756 3624 781 3684 si
802 3619 991 3685 distuleritis
1006 3642 1109 3705 usque
1124 3620 1163 3684 ad
1179 3620 1297 3686 adven-

345 3734 414 3785 tum
430 3722 550 3787 domini
566 3723 660 3807 regis,
675 3721 838 3808 petitionis
851 3720 1010 3797 effectum,
1026 3745 1064 3785 eo
1078 3722 1149 3808 ipso
1166 3723 1295 3809 putabit

345 3823 432 3909 quod
447 3824 479 3887 in
500 3838 634 3887 mortem
654 3826 724 3912 ejus
737 3823 850 3888 dilatio
871 3836 1045 3910 quaeratur.
1077 3826 1128 3889 De
1143 3824 1193 3890 bis
1207 3825 1296 3904 satis,

344 3925 519 4010 praesertim
535 3925 678 4010 sapienti.
707 3927 758 3989 De
772 3938 889 3989 coetero
904 3924 981 3988 mihi
997 3938 1028 3989 et
1044 3926 1197 4011 magistro
1214 3927 1298 3991 Wil-

343 4026 438 4093 lelmo
461 4026 501 4090 de
525 4025 621 4090 Slidis
644 4026 758 4090 clerico
779 4040 895 4104 vestro,
911 4026 952 4090 de
973 4026 1153 4090 exbibenda
1170 4027 1299 4111 justitia

343 4128 410 4193 duo
435 4128 544 4193 brevia
570 4128 691 4193 domini
718 4127 802 4213 regis
828 4126 1011 4202 necessaria,
1037 4128 1136 4211 juxta
1161 4127 1297 4195 formam

342 4233 535 4317 petitionum
559 4253 640 4317 quas
660 4231 752 4293 vobis
776 4230 966 4294 transmitto.
1011 4227 1134 4306 Valete,
1153 4242 1184 4293 et
1209 4231 1298 4317 quod

343 4331 510 4415 placuerit,
522 4332 732 4397 transcribite.
773 4335 845 4395 Hoc
860 4343 968 4395 autem
984 4329 1101 4406 sciatis,
1113 4331 1191 4415 quia
1206 4332 1297 4397 vobis

343 4430 448 4497 modis
461 4431 610 4495 omnibus
624 4430 766 4515 expedit,
778 4441 815 4493 ut
830 4443 905 4494 ante
920 4429 1043 4493 exitum
1060 4427 1180 4494 domini
1196 4433 1296 4496 nostri

343 4529 490 4611 redeatis,
500 4544 533 4595 et
548 4532 574 4595 si
592 4552 648 4594 vos
663 4529 871 4595 incontinenti
886 4532 1063 4615 oportuerit
1079 4530 1294 4598 transfretare.

344 4633 454 4697 Valete
468 4632 585 4698 iterum
600 4645 632 4700 et
657 4654 788 4717 semper.
835 4631 933 4696 Novit
952 4630 1111 4695 Dominus
1131 4632 1207 4717 quia
1229 4633 1296 4715 ille,

343 4759 403 4821 pro
431 4760 497 4821 quo
526 4735 674 4801 dominus
712 4734 969 4820 archiepiscopus
1001 4732 1163 4814 sollicitat,
1192 4739 1294 4802 totius

344 4838 440 4924 hujus
458 4838 547 4902 verbi
563 4841 692 4922 ignarus
707 4851 763 4901 est.
