3300 6434
348 1138 456 1218 lma]
725 1156 904 1201 sersronn.
1232 1147 1296 1206 335

342 1307 453 1372 eodem
471 1308 583 1393 judice
604 1307 718 1383 fateor,
733 1309 811 1391 quio
828 1306 959 1370 malote
980 1306 1013 1369 in
1036 1307 1096 1371 hac
1115 1308 1295 1375 conditione

343 1410 471 1487 versari,
498 1432 596 1495 quam
623 1408 704 1473 illud
730 1408 866 1493 perfidia
887 1420 944 1473 aut
969 1406 1066 1473 etiam
1091 1433 1295 1498 quacumque

342 1524 419 1576 nota
440 1510 650 1597 turpitudinis
676 1510 855 1574 redemisse.
901 1509 950 1575 Sit
976 1533 1054 1597 ergo
1079 1533 1174 1591 nunc,
1196 1515 1296 1576 amice

346 1613 419 1690 Dei,
436 1612 492 1696 qni
507 1635 597 1676 meus
616 1635 635 1676 a
658 1610 767 1677 multis
791 1610 905 1676 diebus
919 1611 1022 1691 fuisti,
1036 1613 1208 1678 consolatio
1230 1627 1298 1694 tna,

344 1737 420 1799 qum
441 1737 492 1778 me
514 1727 548 1793 et
572 1713 650 1778 mihi
675 1713 913 1778 coexulantium
938 1727 999 1794 est,
1021 1713 1198 1781 innocentis
1222 1739 1296 1782 con·

346 1817 485 1883 scientiae
509 1819 738 1894 testimonium,
761 1840 828 1902 qua
851 1816 930 1881 nihil
953 1817 986 1882 in
1011 1817 1077 1883 vita
1099 1831 1205 1904 potest
1229 1842 1297 1885 esse

341 1918 527 2005 jucundius.
574 1918 608 1982 Si
624 1920 753 2005 quidem
769 1917 825 1982 illa

518 2082 659 2093 —-
666 2052 755 2124 jndice
763 2068 840 2105 nemo
851 2068 947 2105 uocaus
959 2052 1110 2118 absolvitur,

346 2194 417 2258 quae
431 2183 464 2236 et
480 2194 616 2235 vermem
630 2170 841 2237 immortalem
853 2184 885 2236 et
900 2172 1007 2255 ignem
1022 2172 1297 2259 inextinguibilem

345 2275 449 2360 parit:
480 2285 537 2356 aut
552 2287 589 2337 ut
607 2275 713 2338 verius
727 2273 877 2356 dixerim,
890 2273 1071 2360 perenniter
1084 2275 1181 2341 fovet.
1223 2277 1297 2340 Non

345 2377 428 2440 enirn
452 2376 663 2451 conscientiae,
688 2375 743 2440 sed
769 2376 874 2460 culpae
900 2389 947 2440 est
972 2379 1178 2462 pertusiam,
1201 2399 1296 2463 quem

347 2500 469 2564 semper
484 2501 504 2541 a
518 2491 550 2541 te
567 2482 655 2544 Deus
670 2477 766 2543 faciat
785 2477 935 2541 alienum.
981 2478 1015 2541 Si
1039 2478 1079 2541 de
1093 2500 1143 2541 me
1166 2478 1296 2564 qnaeris,

347 2603 422 2643 sano
443 2589 476 2643 et
502 2579 664 2656 incolumi,
689 2579 884 2662 suffragatur
909 2579 1083 2663 negotiatio
1106 2580 1297 2661 litterarum,

344 2681 525 2767 expectanti
541 2679 787 2743 misericordiam
804 2680 934 2746 Domini
945 2684 979 2745 in
994 2679 1156 2745 affluentia
1169 2681 1296 2746 illorum

345 2805 419 2867 quae
438 2793 554 2846 natura
576 2781 730 2867 deposcit,
745 2790 802 2844 out
817 2783 1052 2847 conviventium
1077 2805 1188 2848 mores.
1235 2783 1297 2848 Co

345 2880 455 2946 exulat
478 2879 556 2943 mihi
581 2879 680 2943 frater
705 2901 796 2942 meus
820 2901 944 2943 mecum
968 2881 1009 2944 ad
1030 2902 1122 2944 omne
1144 2897 1237 2947 tuum
1262 2885 1294 2949 in

346 2980 486 3047 Domino
496 2991 666 3066 promptus
679 2979 881 3065 obsequium.
913 2981 1019 3056 Quum
1035 2993 1140 3046 autem
1158 2982 1198 3047 ad
1214 3007 1296 3071 prae·

347 3107 416 3148 sens
427 3081 515 3146 aliud
528 3102 733 3166 nequeamus,
744 3079 942 3146 salutationis
951 3093 983 3145 et
992 3080 1170 3149 devotionis
1179 3107 1296 3150 munus

346 3187 520 3261 offerimus,
546 3206 602 3269 per
633 3193 664 3245 te
693 3182 835 3249 dicentes
860 3183 994 3249 salutem
1026 3185 1141 3271 quibus
1171 3189 1295 3253 noveris

345 3288 506 3374 expedire,
537 3298 568 3349 et
599 3283 783 3348 nominatim
814 3284 935 3349 clericis
964 3285 1056 3361 aulae,
1084 3287 1139 3372 qui
1170 3311 1226 3352 nec
1255 3312 1295 3353 ex

345 3391 471 3454 nominc
486 3387 752 3451 excommunicati
770 3402 855 3464 sunt,
870 3410 928 3452 nec
951 3389 1294 3456 excommunicatorum

346 3487 597 3576 participatione.
