3300 6434
335 1158 399 1219 800
591 1165 730 1212 soum
743 1164 1022 1213 mummio
1223 1144 1280 1225 [a.
1296 1163 1330 1207 o.

337 1342 410 1387 euru
426 1342 500 1386 narn
522 1342 605 1403 rege,
619 1334 651 1385 et
673 1336 738 1383 tam
760 1320 832 1393 isto,
848 1337 945 1402 qnam
966 1317 1040 1380 aliis
1062 1315 1238 1379 omnibus
1262 1336 1328 1378 ex·

337 1422 580 1487 terrrnmtmicatis
596 1423 659 1486 sint
673 1421 772 1504 aliqui
787 1421 844 1482 riri
859 1419 1009 1481 timentes
1029 1416 1248 1492 Dominum,
1265 1416 1329 1500 qni

338 1544 394 1585 orm
411 1523 604 1589 familiariter
617 1534 651 1587 et
665 1522 768 1587 amice
783 1529 924 1584 statuant
936 1531 1049 1583 conda
1062 1518 1195 1582 faciem
1212 1538 1328 1596 sunm,

337 1638 369 1689 rrt
384 1634 533 1689 totorum
545 1626 586 1688 alt
602 1623 817 1707 impietatibus
828 1621 904 1684 suis.
941 1618 1037 1696 Quod
1050 1620 1080 1682 si
1095 1618 1161 1682 ille
1178 1629 1228 1696 te,
1241 1620 1327 1702 qnia

341 1724 541 1795 tttrrtsttanm
556 1746 600 1804 cr,
617 1746 729 1789 vocare
749 1722 914 1798 destiterit,
928 1721 1090 1798 Christus,
1103 1741 1219 1804 quern
1235 1721 1275 1784 in
1291 1731 1327 1785 te

339 1824 419 1897 rullt.
446 1823 648 1912 rlirrmmlium
674 1824 737 1888 hoc
764 1821 916 1888 facillime
945 1833 978 1911 et
1005 1820 1220 1899 felicissime,
1251 1821 1321 1885 nisi

340 1926 451 1995 mmitt
477 1938 532 1993 tuu
557 1925 765 2013 propediem,
790 1923 908 2009 poterit
932 1943 1164 2006 compensare.
1216 1922 1323 1988 Salus

340 2027 426 2097 mrim
438 2028 596 2111 jtrstormu
612 2048 631 2093 u
648 2024 789 2092 Domino
801 2038 862 2100 est,
872 2024 929 2109 qui
939 2023 1081 2108 protegit
1093 2044 1160 2086 eos
1174 2024 1214 2088 in
1231 2035 1321 2088 tem·

341 2148 417 2217 turm
433 2128 658 2197 tribulationis.

341 2372 557 2443 lil'lt‘l‘tllat
597 2374 892 2441 mxxxii-sn
925 2388 1070 2434 rrrousu
1104 2388 1310 2434 conruunt·

475 2490 584 2541 rursu
602 2490 906 2540 turrirarrstmruu.
931 2468 976 2553 [A.
991 2491 1020 2534 n.
1040 2470 1152 2551 1166]

542 2612 823 2677 instromenta
842 2612 1086 2675 Centauriensi.

383 2736 434 2803 lit
444 2736 509 2802 loro
523 2737 631 2801 otonis
642 2758 713 2821 quor
729 2737 807 2801 milri
819 2751 922 2800 restra
936 2737 1128 2819 significarit
1139 2737 1309 2820 dignatio,

342 2838 426 2905 itura
450 2833 633 2921 divulgante
658 2837 832 2915 audieram,
858 2837 914 2901 sed
939 2838 1129 2902 auctoritate
1152 2841 1308 2904 nominis

342 2939 435 3007 rostri
466 2940 548 3005 sueta
577 2953 652 3006 suut
681 2941 835 3017 certioru3
871 2961 911 3004 ea
940 2960 1016 3021 ergo
1044 2959 1108 3002 non
1140 2950 1305 3024 tanquam

340 3054 425 3109 certa
449 3041 506 3107 sed
533 3043 620 3108 volut
645 3041 754 3107 audita
776 3064 833 3126 per
862 3043 970 3106 literas
999 3061 1087 3104 meas
1109 3041 1302 3122 significavi

341 3142 471 3207 domiuo
493 3142 699 3219 Pictariensi,
713 3142 849 3226 adjectis
863 3142 904 3205 iis
919 3163 991 3226 quae
1010 3142 1051 3205 de
1066 3142 1195 3222 Anglioe
1209 3154 1303 3208 statu

341 3240 515 3317 audieram,
533 3260 649 3323 rogans
671 3243 823 3305 attentius
838 3251 875 3304 ut
888 3242 982 3305 robis
1004 3263 1100 3325 super
1120 3243 1192 3305 baec
1215 3266 1302 3308 con·

342 3344 447 3407 silium
477 3342 576 3406 daret
635 3343 690 3406 Ex
726 3364 790 3427 quo
820 3364 896 3407 vero
932 3364 992 3427 per
1018 3346 1141 3408 litteras
1171 3358 1302 3411 vestras

342 3444 528 3508 certioratur
543 3463 625 3523 tum,
639 3444 727 3509 illico
742 3466 813 3509 cum
835 3444 947 3508 amicis
963 3445 1084 3521 restris,
1100 3445 1140 3509 de
1154 3466 1301 3528 quorum

341 3544 521 3609 sinceritate
545 3565 609 3608 urm
634 3545 757 3623 dubito,
779 3546 927 3610 adhibito
950 3548 1105 3629 Magistro
1130 3547 1300 3631 Philippo,

342 3643 463 3709 contuli
487 3666 581 3728 super
603 3649 733 3728 nogotio
748 3661 865 3721 restro,
888 3650 968 3713 nulli
991 3662 1097 3713 tamen
1120 3648 1302 3712 ostendens

342 3746 593 3809 transmissarum
618 3750 708 3812 robis
730 3753 882 3834 exempla
907 3753 1092 3814 litterarum.
1137 3752 1181 3814 Et
1205 3752 1301 3826 licet,

341 3857 376 3910 ut
391 3845 664 3930 praescripseratis,
672 3850 854 3928 singulatim
867 3840 1072 3914 convenerim
1084 3854 1205 3915 amicos
1218 3873 1302 3916 uos·

341 3958 417 4025 tros,
432 3946 580 4009 abbatem
601 3945 724 4009 seilicet
745 3949 851 4010 sancti
873 3949 1024 4028 Remigii,
1046 3962 1078 4011 et
1100 3951 1304 4029 Magistrum

342 4051 517 4114 Fulconem
548 4060 581 4113 et
610 4050 797 4131 Magistrum
827 4048 1014 4125 Radulsum,
1044 4070 1155 4111 omnes
1183 4059 1303 4118 tamen

342 4174 408 4216 non
432 4150 529 4214 modo
553 4152 585 4214 in
612 4152 749 4216 eundem
776 4171 914 4230 sensum,
941 4150 997 4213 sed
1022 4150 1087 4213 fere
1114 4151 1148 4213 in
1178 4150 1301 4217 eadem

343 4258 441 4317 verba
462 4266 690 4316 convenerunt.
735 4256 775 4316 In
799 4274 924 4316 summa
950 4273 1026 4334 ergo
1052 4254 1160 4315 nullus
1183 4274 1300 4320 eorum

343 4355 490 4418 inventus
512 4365 568 4432 est,
596 4356 651 4437 qui
675 4355 795 4418 domini
821 4376 915 4438 papie
940 4355 1076 4419 consilio
1102 4354 1300 4435 adversetur,

343 4477 517 4540 omnesque
538 4457 728 4520 unanimiter
748 4459 928 4540 approbant
946 4458 1117 4520 consilium
1138 4453 1223 4540 quod
1241 4477 1299 4519 νο-

345 4560 395 4621 bis
418 4556 509 4621 dedit
533 4557 687 4621 Nicolaus
707 4558 919 4622 xenodochus
943 4559 1107 4633 Rothom,
1133 4559 1209 4622 licet
1231 4579 1297 4621 nec

345 4659 384 4721 de
400 4660 522 4736 litteris,
537 4680 597 4723 nee
614 4659 654 4722 de
670 4661 804 4723 consilio
820 4660 888 4744 ejus
904 4661 1062 4724 audierint
1075 4659 1205 4744 aliquid.
1236 4661 1296 4722 Ar·

345 4757 507 4822 tondenda
521 4760 607 4823 enim
623 4771 672 4824 est
685 4762 835 4824 instantia
852 4763 1013 4845 temporis,
1029 4760 1171 4826 conditio
1186 4762 1291 4824 eccle·
