3300 6434
533 1662 801 1750 JOANNIS
841 1660 1382 1749 SARESBERIENSIS

682 1854 893 1953 EPtscoPl
917 1885 1240 1951 onunonnusis

825 2095 1101 2170 EPISTOLAE.

604 2528 825 2592 EPISTOLA
872 2527 987 2590 I.-sn
1003 2542 1112 2587 aaran
1128 2541 1316 2587 nonnanis.

751 2678 890 2740 Domino
902 2698 998 2759 popa
1015 2678 1169 2739 Adriano,

526 2812 636 2876 lusan
659 2809 827 2873 monachos
849 2807 987 2872 abbatiae
1013 2806 1171 2893 Hugouis,
1193 2824 1225 2874 et
1249 2808 1368 2874 clerum
1394 2810 1434 2875 de

483 2912 633 2977 Henham
652 2910 867 2975 controversia
887 2908 1011 2973 diutius
1033 2910 1155 2993 agitata
1177 2925 1235 2976 est.
1282 2912 1434 2977 Monachi

482 3013 638 3100 siquidem
662 3036 680 3075 a
705 3012 868 3075 nominato
891 3014 1034 3094 Hugone
1060 3016 1102 3076 33
1130 3010 1247 3078 solidos
1269 3014 1431 3099 petebant,

481 3113 622 3177 dicentes
636 3135 689 3175 eos
705 3111 763 3175 sibi
781 3110 890 3176 deberi
903 3111 1028 3175 nomine
1043 3113 1213 3196 pensionis,
1226 3117 1258 3178 in
1274 3136 1371 3201 quam
1387 3115 1432 3180 eis

481 3226 609 3279 tenetur
632 3213 672 3276 ab
697 3212 830 3297 antiquo
850 3210 980 3275 ecclesia
999 3212 1039 3276 de
1058 3214 1225 3279 Henlram:
1249 3214 1434 3302 adjicientes

480 3327 689 3380 memoratum
717 3317 761 3378 H.
789 3313 829 3377 ad
861 3313 1047 3377 solutionem
1078 3316 1261 3379 eorumdem
1293 3340 1360 3383 esse
1389 3341 1430 3383 ex

480 3415 608 3502 speciali
629 3429 734 3502 pacto,
754 3414 983 3480 interveniente
1006 3416 1080 3480 fidei
1105 3418 1243 3498 vinculo,
1264 3417 1429 3482 literarum

481 3518 662 3582 testimonio
681 3517 871 3599 obligatum.
918 3519 963 3582 Et
987 3531 1023 3581 ut
1046 3518 1209 3603 petitionis
1236 3541 1302 3581 suae
1328 3519 1430 3583 inten-

480 3620 596 3684 tionem
620 3618 766 3685 stabilius
786 3618 972 3694 fundarent,
989 3641 1023 3682 se
1037 3642 1056 3681 a
1071 3619 1199 3682 duobus
1214 3618 1431 3686 decessoribus

482 3720 626 3808 praedicti
649 3725 693 3785 H.
718 3719 881 3783 Willelmo
902 3732 934 3783 et
957 3721 989 3782 S.
1006 3719 1060 3782 sed
1081 3733 1113 3783 et
1135 3720 1268 3806 abipso
1290 3725 1433 3808 Hugone

479 3822 628 3886 dicebant
652 3820 806 3906 recepisse
833 3820 1000 3906 praefatam
1024 3821 1216 3907 pensionem,
1243 3825 1347 3909 parati
1369 3825 1430 3890 hoc

479 3924 613 4010 probare
628 3922 844 3986 incontinenti.
891 3922 944 3985 Ad
962 3921 1031 3987 baec
1055 3922 1254 3988 llumt'redus
1268 3924 1430 3993 ecclesiam

478 4047 568 4090 suam
584 4026 625 4089 ab
640 4024 774 4111 antiquo
789 4023 920 4088 liberam
935 4048 1002 4088 esse
1021 4025 1162 4090 dicebat:
1188 4027 1260 4091 licet
1284 4029 1429 4093 monachi

476 4128 518 4191 ab
560 4130 701 4211 Hugone
739 4140 936 4191 antecessore
972 4128 1042 4213 ejus
1079 4152 1215 4193 marcam
1253 4130 1427 4196 indebitam

473 4228 627 4292 violenter
642 4242 855 4291 extorserunt.
902 4228 1050 4312 Negabat
1071 4228 1152 4292 enim
1174 4229 1424 4296 constantissime

475 4354 507 4394 se
522 4353 595 4394 cum
611 4329 688 4415 ipsis
704 4329 743 4392 de
759 4326 868 4414 aliqua
889 4328 1038 4413 pensione
1060 4327 1224 4393 reddenda
1239 4353 1424 4415 quamcum-

476 4454 539 4519 que
555 4430 681 4493 inivisse
696 4428 892 4514 pactionem:
918 4449 1062 4492 asserens
1077 4452 1110 4492 se
1125 4429 1165 4491 ab
1184 4430 1301 4494 abbate
1319 4432 1424 4497 Aben-

475 4533 579 4598 doniae
594 4530 754 4597 ecclesiam
771 4529 913 4609 liberam,
924 4543 955 4593 et
970 4532 1036 4593 sine
1052 4532 1251 4615 expressione
1265 4534 1423 4621 cujusque

475 4634 578 4700 oneris
600 4633 767 4719 accepisse,
791 4642 823 4696 et
848 4654 905 4719 per
931 4632 1187 4698 archidiaconum
1213 4635 1363 4723 episcopi,
1386 4653 1423 4703 ut

475 4761 544 4802 mos
563 4749 622 4812 est,
639 4736 669 4799 in
693 4736 918 4822 possessiouem
941 4734 1073 4799 liberam
1094 4736 1240 4801 canonice
1260 4738 1422 4804 introduc-

476 4854 558 4918 tum,
569 4861 625 4902 uec
640 4838 726 4915 fidei,
739 4851 796 4901 aut
812 4838 988 4924 scripturas,
1001 4852 1058 4903 aut
1074 4836 1208 4920 alicujus
1219 4837 1422 4924 obligationis

520 4962 591 5006 vot.
608 4962 630 5005 1.
937 4961 957 5003 s
