3300 6434
284 1216 485 1291 llio-64]
677 1230 856 1275 nmsronn.
1175 1218 1236 1278 lot

279 1405 361 1466 copo
382 1397 495 1448 vestrae
515 1380 672 1466 majestati
691 1379 882 1466 supplicare,
903 1392 939 1444 ut
960 1380 1181 1445 vexationibus
1202 1394 1236 1446 et

279 1482 405 1570 injuriis
419 1507 500 1570 quas
514 1483 542 1546 ei
558 1481 767 1546 Wachelinus
782 1479 1023 1545 archidiaconus
1043 1480 1235 1545 incessanter

278 1585 454 1660 continuat,
470 1586 564 1649 finem
584 1583 728 1647 debitum
750 1582 870 1668 imponi
890 1582 1093 1667 praecipiatis.
1138 1582 1235 1660 Quod

278 1709 375 1772 quam
398 1709 523 1751 necesse
545 1685 597 1761 sit,
619 1697 732 1748 vestrae
752 1683 924 1747 sinceritati
945 1684 1140 1747 innotescere
1160 1707 1236 1771 pro·

278 1787 472 1863 curavimus,
493 1787 672 1872 iniqnitatis
692 1785 765 1849 odio
785 1798 817 1849 et
837 1784 1071 1849 abominatione
1094 1785 1234 1853 scandali

280 1889 402 1973 potius,
428 1911 526 1974 quam
553 1890 663 1973 aliquo
691 1907 896 1971 personarum
923 1885 1054 1951 intuitu.
1099 1888 1234 1952 Factum

279 2001 327 2051 est
343 1987 501 2073 siquidem
517 1987 691 2054 Londoniis
705 2008 807 2071 nuper
828 2007 926 2070 quum
946 1999 1138 2049 conventum
1153 1985 1234 2050 cele·

280 2089 455 2168 braremus‚
470 2088 671 2173 exigentibus
685 2087 879 2173 quibusdam
895 2087 1146 2166 necessitatibus,
1152 2089 1235 2173 jam-

279 2189 390 2254 dictus
410 2189 576 2276 episcopus
596 2187 807 2252 venerabilem
827 2187 960 2252 fratrem
981 2199 1127 2251 nostrum
1149 2193 1233 2254 Lon·

278 2287 463 2353 doniensem
485 2290 680 2376 episcopum,
701 2287 753 2351 cui
776 2286 937 2362 videlicet,
960 2302 992 2351 et
1016 2286 1235 2371 Wigorniensi

280 2390 429 2477 episcopo
454 2388 664 2475 cognitionem
691 2387 909 2462 accusationis,
933 2409 1000 2473 qua
1026 2388 1236 2454 Wachelinus

280 2491 459 2576 impetitur,
488 2490 667 2574 delegastis,
697 2487 869 2552 miserabili
905 2487 1078 2552 admodum
1113 2489 1234 2575 suppli-

280 2594 403 2658 catione
418 2595 576 2667 convenit,
593 2605 629 2656 ut
646 2590 754 2654 saltem
771 2612 808 2653 ea
828 2588 891 2667 die,
906 2612 981 2676 quae
998 2589 1027 2651 ei
1044 2604 1119 2654 tunc
1141 2591 1235 2656 tertia

281 2694 384 2758 suerat
398 2692 874 2781 peremptoriaconstituta,post
884 2692 1011 2766 multas,
1020 2692 1234 2757 etmultorum

281 2796 437 2860 bonorum
464 2795 604 2860 virorum
633 2794 817 2858 vexationes
847 2794 917 2878 ejus
947 2794 1130 2858 admitteret
1162 2816 1233 2880 pro-

280 2898 436 2978 bationes,
457 2896 544 2983 quod
563 2895 718 2982 jamdicto
737 2894 957 2959 archidiacono
974 2897 1071 2981 juxta
1093 2897 1236 2963 mandati

281 2997 377 3061 vestri
397 2997 529 3060 formam
551 2996 658 3059 ablata
677 2994 878 3071 restituisset,
900 2994 948 3057 vel
967 2995 1125 3080 justitiam
1146 2997 1236 3061 exbi-

281 3098 413 3176 buisset‚
441 3097 500 3161 nisi
529 3098 562 3160 in
591 3096 739 3160 omnibus
774 3118 831 3179 per
864 3095 969 3182 ipsum
1007 3097 1234 3164 Wachelinum

281 3198 428 3263 stetisset.
473 3197 698 3284 Produxitque
719 3199 752 3262 in
778 3197 919 3261 medium
942 3199 1065 3285 copiam
1090 3201 1231 3266 virorum

278 3299 513 3384 religiosorum,
542 3300 706 3378 abbatum,
739 3298 1045 3376 archidiaconorum,
1079 3302 1235 3385 priorum,

279 3415 312 3466 et
335 3402 532 3481 clericorum,
558 3424 667 3466 eorum
697 3402 888 3477 testimonio,
911 3402 1001 3487 quod
1028 3401 1234 3487 allegaverat,

280 3505 484 3590 probaturus.
528 3507 753 3567 Processerunt
774 3515 806 3566 et
829 3502 883 3565 alii
902 3501 1108 3587 quamplures
1126 3502 1234 3568 illaesae

280 3606 439 3691 opinionis
454 3606 526 3681 viri,
542 3605 600 3690 qui
619 3626 725 3667 amore
740 3603 888 3688 justitiae,
903 3616 935 3667 et
958 3603 1000 3667 ad
1015 3603 1233 3670 confusionem

280 3704 457 3790 iniquitatis
485 3703 633 3767 dicebant
662 3726 695 3766 se
724 3718 852 3788 paratos
880 3725 946 3767 esse
976 3704 1121 3790 probare,
1145 3708 1233 3792 quod

280 3805 487 3891 saepedictum
510 3803 765 3869 archidiaconum
785 3803 963 3883 audierant,
979 3806 1129 3873 offerente
1151 3809 1233 3896 epis·

281 3931 372 3994 copo,
388 3907 601 3972 remissionem
620 3906 762 3971 omnium
784 3908 1022 3974 restitutionum
1045 3933 1126 3996 quas
1140 3934 1232 3998 repo-

280 4012 400 4086 scebat,
420 4022 452 4074 et
475 4009 605 4095 insuper
626 4009 667 4073 de
687 4010 817 4097 proprio
838 4010 871 4075 lx
894 4035 1013 4076 marcas
1034 4014 1172 4097 argenti,
1195 4037 1233 4078 ea

280 4112 462 4177 conditione
477 4124 513 4176 ut
528 4109 555 4174 ei
571 4111 802 4175 absolutionem
818 4110 986 4176 criminum
1002 4133 1131 4175 suorum
1147 4111 1232 4178 idem

279 4216 447 4299 episcopus
461 4212 654 4297 impetraret,
666 4224 698 4276 et
712 4211 895 4297 episcopum
908 4210 1101 4297 repudiasse,
1114 4214 1231 4298 partim

281 4316 356 4401 quia
367 4338 429 4378 non
440 4328 574 4398 poterat,
585 4316 700 4396 partim
718 4336 755 4375 ne
766 4312 867 4376 videri
882 4326 988 4397 posset
999 4334 1059 4397 pro
1070 4326 1232 4379 tantorum

281 4416 447 4481 criminum
470 4412 687 4497 redemptione
709 4435 831 4477 marcas
851 4414 1016 4499 recepisse.
1052 4418 1090 4479 ln
1112 4415 1233 4500 quibus

282 4540 381 4604 quum
399 4514 536 4579 universi
555 4527 620 4578 tam
640 4514 743 4577 clerici
765 4536 862 4599 quarn
886 4512 969 4588 laici,
985 4537 1082 4600 supra
1101 4516 1235 4594 modum⁸

281 4618 574 4683 scandulisarentur.
618 4614 826 4682 Dissimulare
848 4637 909 4679 non
929 4615 1037 4701 potuit
1055 4638 1112 4681 nec
1131 4617 1233 4687 voluit

281 4720 429 4785 dominus
461 4720 566 4784 Lond.
598 4717 767 4805 praedictas
796 4716 999 4803 probationes
1028 4731 1105 4783 tunc
1136 4722 1232 4797 tertio

282 4822 455 4909 productas
478 4822 587 4898 fuisse,
614 4820 668 4884 sed
695 4819 840 4885 Wachel.
870 4820 957 4884 nulla
987 4820 1082 4885 trium
1110 4821 1233 4889 citatio·
