3300 6434
352 1227 526 1307 llas-a]
735 1245 911 1291 ansanus.
1280 1236 1298 1288 7

346 1396 403 1481 qui
427 1395 624 1460 haecomnia
646 1394 860 1471 inficiabatur,
886 1393 1116 1461 restitutionem
1145 1396 1295 1474 ecclesiae,

346 1521 443 1583 quam
459 1497 635 1584 praedictus
651 1497 814 1563 Emaldus
833 1499 972 1584 petebat,
987 1501 1187 1576 extorsimus,
1203 1497 1296 1563 dum·

346 1600 442 1663 modo
453 1622 556 1664 comes
567 1614 601 1664 et
614 1620 692 1665 suus
708 1603 746 1666 0.
759 1597 840 1665 citra
851 1600 1066 1665 frustratorias
1077 1597 1254 1675 dilationes,
1266 1611 1299 1664 et

346 1699 480 1766 aliarum
496 1700 719 1767 difficultatum
739 1699 910 1779 molestias,
926 1702 967 1767 ad
986 1699 1197 1789 quaestionem
1212 1704 1296 1788 juris

346 1802 598 1869 admitterentur.
645 1805 750 1882 Quum
771 1824 847 1887 ergo
868 1804 1015 1889 partibus
1035 1824 1131 1888 super
1148 1803 1208 1866 hoc
1228 1802 1297 1867 dies

346 1903 744 1991 essetpraefixe,eadiejam
752 1903 902 1970 dictusO.
910 1918 941 1969 et
950 1902 1297 1991 procuratoresoomitis

346 2005 499 2071 adversus
519 2007 786 2091 praenominatum
811 2010 850 2071 E.
867 2006 1052 2093 petitorium
1074 2006 1294 2079 instituerunt,

343 2107 485 2171 dicentes
499 2107 603 2193 ipsum
620 2109 738 2193 injuste
752 2129 910 2193 occupare
925 2106 1100 2185 ecclesiam,
1115 2128 1213 2191 quam
1228 2105 1296 2171 sins

343 2230 471 2272 assensu
498 2209 634 2286 comitis,
661 2222 693 2273 et
720 2208 949 2272 advocatorum
976 2206 1119 2293 ejusdem
1145 2206 1295 2285 ecclesiae,

344 2332 442 2395 quam
457 2323 569 2375 contra
590 2309 855 2375 consuetudinem
877 2310 976 2373 totius
998 2308 1138 2374 ecclesiae
1158 2321 1191 2372 et
1205 2308 1294 2391 regni

346 2409 539 2495 Anglorum,
555 2424 666 2475 contra
687 2411 946 2475 constitutionem
969 2410 1053 2494 regis
1076 2423 1107 2474 et
1130 2409 1295 2496 antiquam

263 2499 267 2506 ²
344 2513 487 2575 omnium
508 2533 675 2596 procerum
703 2512 894 2597 dignitatem
917 2515 1078 2596 ingressus
1104 2523 1172 2575 erat
1198 2531 1293 2574 manu

276 2633 278 2637 ’
344 2626 374 2677 et
407 2614 556 2678 violentia
586 2614 758 2701 praedonis,
789 2617 847 2699 qui
882 2615 1016 2699 praelato
1052 2613 1159 2677 comiti
1191 2625 1295 2677 totum

345 2714 492 2790 fundum,
524 2720 555 2781 in
587 2740 654 2801 qno
683 2738 768 2803 saepe
798 2715 883 2779 dicta
912 2714 1042 2779 ecclesia
1072 2714 1132 2779 sita
1157 2726 1216 2795 est,
1238 2712 1294 2777 diu

345 2815 532 2881 abstulerat.
585 2818 815 2883 Prol‘erebatur
839 2817 969 2900 insuper
994 2815 1179 2881 mandatum
1200 2814 1294 2899 regis,

343 2940 410 3002 quo
425 2918 688 3005 praecipiebamur
702 2919 811 2983 comiti
828 2941 924 3005 super
938 2917 1144 2983 advocatione
1158 2916 1295 2980 ecclesiae

345 3017 583 3109 suaeujustitiam
599 3020 761 3098 exhibere,
777 3034 834 3085 aut
851 3024 889 3105 O.
905 3033 1114 3105 praetaxatam
1134 3019 1296 3083 ecclesiam

344 3122 524 3197 restituere,
552 3145 617 3208 qua
646 3134 719 3206 post
748 3122 912 3186 decessum
942 3122 1027 3207 regis
1055 3133 1166 3185 contra
1195 3118 1295 3205 ipsius

343 3221 483 3286 edictum
515 3222 621 3287 suerat
649 3222 839 3288 destitutus.
886 3224 939 3288 Ad
973 3222 1040 3287 baec
1070 3221 1233 3287 Ernaldua
1263 3243 1296 3283 se

339 3322 426 3407 juste
442 3346 498 3409 per
513 3325 700 3411 episcopum
715 3347 845 3391 assensu
862 3324 1008 3390 advocati
1020 3324 1182 3388 ecclesiam
1197 3322 1296 3410 possi-

345 3422 420 3488 dere
439 3423 576 3493 dicebat.
624 3427 687 3492 Sed
710 3426 887 3494 advocatus
902 3427 956 3490 ille
979 3426 1084 3492 etalii
1107 3426 1198 3490 amici
1213 3425 1294 3509 ejus,

345 3540 513 3610 potentatu
529 3544 561 3593 et
575 3532 699 3615 injuriis
714 3530 849 3609 comitis,
866 3541 901 3594 ut
915 3528 1085 3602 asserebat,
1101 3526 1183 3591 adeo
1199 3538 1297 3589 terre·

346 3627 474 3708 bantur,
494 3631 582 3714 quod
604 3629 711 3693 nullus
731 3651 841 3693 eorum
863 3629 894 3691 in
917 3628 976 3691 hoc
996 3628 1121 3712 judicio
1145 3638 1178 3691 et
1198 3649 1298 3711 regno

344 3741 455 3792 contra
463 3729 568 3815 ipsum
579 3749 732 3815 apparere
741 3728 1074 3813 audebat,praesertim
1084 3750 1184 3813 quum
1194 3748 1298 3791 comes

346 3839 377 3891 et
392 3849 469 3891 suus
485 3830 524 3893 Ο.
537 3851 598 3892 uon
610 3827 706 3892 modo
721 3851 790 3907 sua,
803 3829 856 3894 sed
872 3843 905 3894 et
917 3852 949 3893 se
961 3828 1056 3915 regiae
1069 3827 1297 3913 magnitudinis

347 3929 487 4014 pondere
502 3932 536 3995 in
545 3929 670 4014 judicio
686 3943 870 3996 tutarentur
884 3943 993 3996 oontra
1005 3953 1188 4017 pauperem,
1199 3951 1295 4016 quem

344 4030 386 4093 ab
412 4031 541 4095 ecclesia
567 4055 625 4096 sua
650 4034 761 4097 multis
785 4033 876 4098 annis
901 4034 1111 4101 excluserant.
1158 4036 1230 4099 Hac
1254 4032 1295 4097 de

343 4155 439 4196 causa
461 4133 502 4197 ad
526 4148 662 4199 vestram
693 4135 868 4221 appellavit
894 4135 1101 4212 audientiam,
1127 4135 1296 4221 praefigens

344 4234 509 4320 diemque
529 4249 688 4311 cantatur,
705 4239 756 4300 Ad
778 4247 808 4300 te
824 4240 932 4302 levam.
979 4238 1131 4302 Osbertus
1146 4259 1221 4300 vero
1235 4238 1296 4301 sibi

345 4357 472 4400 causam
495 4340 544 4400 vel
563 4335 724 4400 ecelesiam
747 4338 828 4401 tanti
849 4361 911 4403 non
931 4360 998 4402 esse
1013 4337 1214 4423 respondens,
1230 4335 1296 4400 litis

343 4437 434 4500 cessit
450 4436 663 4521 appellationi.
