3300 6434
429 1235 470 1294 98
670 1256 810 1299 JoaNMs
826 1255 1105 1300 sasuauaaruusrs
1280 1240 1327 1313 [s.
1346 1258 1376 1300 u.

428 1400 605 1484 probibere.
650 1403 761 1468 Valere
776 1420 810 1469 et
818 1405 1021 1490 praesentiam
1033 1417 1168 1468 vestram
1185 1405 1290 1469 animo
1305 1428 1376 1468 meo

430 1502 576 1567 subtrahi
591 1526 654 1568 non
670 1527 761 1591 posse
775 1505 936 1569 noveritis.

439 1758 582 1823 EPIST.
606 1760 1075 1826 LXXIV.-auaaarr1ssau
1092 1779 1362 1826 numerarium.

474 1914 587 1975 Rama
602 1933 660 1974 nos
682 1910 816 1998 impellit
831 1912 1013 1993 auctoritas,
1036 1925 1071 1976 ut
1088 1924 1204 1978 sanctae
1229 1912 1379 1976 Romanae

430 2010 569 2076 ecclesiae
584 2012 779 2076 vindicemus
801 2013 963 2098 injuriam,
978 2026 1022 2087 et,
1046 2025 1081 2076 ut
1102 2010 1144 2075 de
1165 2028 1276 2077 nostro
1297 2027 1380 2077 tace-

430 2132 532 2188 amus,
548 2124 766 2199 contemptum
790 2113 886 2197 regiae
902 2112 1086 2198 majestatis·
1133 2117 1203 2179 Nos
1217 2127 1323 2178 autem
1341 2135 1380 2177 ne

430 2212 517 2277 istud
548 2215 651 2285 facere
672 2237 869 2299 cogeremur,
892 2238 948 2278 vos
975 2227 1108 2301 patema
1137 2214 1380 2280 mansuetudine

430 2315 694 2391 commonuimus,
719 2328 879 2401 quatenus
908 2316 1024 2380 dilecto
1052 2315 1118 2379 filio
1143 2317 1288 2380 Jordano
1311 2315 1380 2380 the-

431 2414 573 2477 saurario
586 2414 796 2479 restitueretis
810 2420 1037 2500 possessionem
1051 2415 1190 2480 ecclesiae
1204 2416 1244 2479 de
1260 2414 1378 2486 Froila,

432 2535 528 2599 quam
557 2514 586 2578 ei
608 2529 732 2581 constat
752 2517 944 2603 praesidente
965 2518 1061 2581 beato
1084 2516 1230 2580 Adriano
1250 2514 1380 2579 fuissea

433 2615 578 2679 Romana
598 2617 730 2682 ecclesia
747 2617 976 2682 confirmatam.
1021 2617 1118 2682 Unde
1137 2633 1168 2681 et
1185 2618 1289 2703 ipsum
1309 2628 1380 2703 post

432 2714 1381 2802 edictumDominiregis,incontemptumecclesiaeRomanae

434 2816 589 2881 violenter
609 2831 641 2881 et
664 2818 788 2904 absque
807 2818 920 2881 ordine
941 2816 1114 2904 judiciario
1130 2816 1277 2903 ejecistis,
1299 2817 1381 2880 sicut

433 2920 504 3005 ejus
525 2918 637 2984 iterata
657 2918 777 2984 indicat
797 2919 1006 3006 querimonia.
1051 2918 1115 2984 Sed
1138 2921 1216 3004 quia
1229 2917 1335 2982 adhuc
1349 2921 1383 2981 in

435 3030 541 3083 vestra
569 3019 769 3085 contumacia
798 3017 1019 3106 perseveratis,
1049 3017 1141 3083 vobis
1170 3017 1385 3105 praecipiendo

434 3120 633 3197 mandamus,
644 3120 897 3206 quatinusjuxta
908 3119 1094 3183 mandatum
1105 3118 1245 3184 dominre
1256 3119 1384 3204 reginae,

433 3221 521 3309 quod
543 3221 720 3307 suscepisti,
745 3234 919 3285 memorato
939 3219 1084 3284 Jordano
1098 3221 1265 3306 praefatam
1286 3219 1383 3283 eccle-

432 3323 509 3387 siam
527 3336 634 3387 tenero
648 3321 852 3407 permittatis,
866 3321 950 3385 sicut
964 3321 997 3383 in
1014 3318 1151 3384 transitu
1167 3318 1287 3383 dmnini
1299 3322 1383 3403 regis

314 3487 318 3494 ,
431 3422 622 3488 auctoritate
635 3422 807 3506 apostolica
821 3420 1014 3506 possidebat.
1058 3418 1209 3504 Alioquin
1232 3441 1333 3505 quum
1349 3420 1382 3483 in

431 3524 551 3589 octavis
565 3524 668 3588 beatae
683 3523 795 3587 Mariae
810 3520 902 3587 nobis
916 3520 1143 3607 apparueritis,
1161 3532 1381 3603 contemptum

432 3639 549 3690 sanctae
572 3624 727 3687 Romanoe
755 3621 895 3686 ecclesiae
924 3620 1090 3707 praeterire
1119 3641 1181 3683 non
1207 3617 1384 3705 poterimus

434 3725 639 3809 impunitum.
656 3727 700 3788 Et
710 3725 736 3788 si
746 3723 874 3787 domina
884 3720 1098 3808 regina,quod
1108 3719 1288 3785 inedictum
1299 3720 1384 3803 regis

433 3825 641 3898 commisistis,
670 3825 828 3909 condigna
856 3824 1050 3888 correctione
1079 3820 1302 3899 emendaverit,
1326 3841 1383 3882 nos

433 3927 514 3993 illud
530 3936 635 3991 ratum
653 3925 851 4000 habebimus,
867 3924 1017 4010 quoniam
1032 3944 1072 3984 ex
1089 3922 1279 3985 auctoritate
1292 3941 1385 3982 cano-

433 4053 521 4108 uum,
535 4027 595 4092 nisi
606 4027 682 4111 jura
697 4024 804 4089 taliter
817 4033 1078 4095 contemnuntur,
1090 4019 1130 4083 ad
1146 4018 1385 4104 reprimendum

432 4131 585 4197 malitiam
601 4149 713 4192 manus
727 4124 909 4192 adhibenda
922 4136 969 4187 est
986 4120 1143 4185 militaris.
1173 4118 1385 4184 Prohibemus

432 4233 527 4297 etiam
543 4226 732 4293 auctoritate
747 4226 888 4290 ecclesioe
903 4228 1058 4289 Romanae
1072 4233 1103 4285 et
1117 4232 1235 4297 nostra,
1246 4242 1285 4283 ne
1300 4220 1385 4282 deci-

431 4349 544 4397 maaet
566 4331 650 4395 bona
671 4327 811 4394 ecclesie
830 4341 903 4392 ante
918 4324 1034 4411 judicii
1057 4342 1189 4387 examen
1207 4319 1385 4385 distrahere

434 4433 642 4522 praesumatis.
1249 4414 1267 4447 ⁶
