3300 6434
348 1249 412 1308 282
604 1261 739 1306 ioannis
755 1262 1030 1309 ssaesenuieusm
1209 1246 1261 1325 [s.
1281 1267 1316 1310 o.

348 1416 523 1499 apostolus,
540 1415 656 1493 arque,
671 1414 810 1491 obsecro,
824 1416 971 1497 increpo,
987 1424 1166 1495 opportune
1181 1419 1315 1499 impor-

347 1524 435 1593 tune,
462 1515 495 1577 id
524 1525 574 1578 est
602 1534 805 1597 quacumque
835 1525 1015 1597 opportuna
1045 1516 1310 1598 importunitate.

349 1617 416 1679 Sub
428 1626 584 1697 praetextu
601 1624 705 1676 tamen
717 1612 942 1695 appellationis
954 1635 1064 1675 omnes
1080 1634 1112 1675 se
1129 1613 1168 1675 de
1185 1628 1312 1677 caetero

349 1719 530 1791 tuebuntur,
545 1716 646 1799 parati
667 1714 844 1798 quamlibet
863 1716 1021 1777 incurrere
1036 1714 1311 1795 inobedientiam,

348 1828 556 1901 expectantes
577 1817 774 1879 interimant
793 1825 928 1880 mortem
949 1816 1071 1879 domini
1087 1839 1188 1900 papae,
1205 1840 1308 1901 quam

347 1929 470 2003 optant,
495 1931 550 1982 aut
573 1929 720 1991 vestram,
745 1928 801 1981 aut
826 1919 924 1980 alium
955 1939 1077 1991 casum,
1104 1919 1158 2001 qui
1190 1940 1308 1983 eorum

348 2021 477 2084 malitiae
504 2020 728 2103 patrocinetur.
784 2018 860 2081 Rex
889 2019 974 2081 enim
1002 2041 1021 2081 a
1047 2019 1139 2102 cujus
1169 2041 1308 2084 excom-

348 2113 501 2187 municati
525 2120 749 2184 communione
765 2141 799 2182 se
821 2140 961 2202 unquam
985 2120 1169 2202 suspendit?
1193 2142 1308 2186 nonne

348 2226 376 2287 ei
403 2244 528 2305 semper
550 2221 721 2305 pontifices
744 2232 776 2284 et
802 2222 905 2284 clerus
933 2222 997 2285 fere
1023 2232 1108 2284 totus
1130 2222 1308 2287 astiterunt

349 2324 499 2388 adversus
510 2324 741 2398 Dominum,et
751 2320 903 2385 adversus
913 2322 1076 2384 Christum
1086 2321 1175 2405 ejus?
1192 2322 1308 2387 Credo

349 2425 504 2488 tamenin
526 2423 687 2507 episcopis
709 2423 834 2505 aliquos
856 2444 939 2499 esse,
961 2423 1017 2505 qui
1037 2425 1219 2502 uobiscum,
1236 2425 1306 2487 imo

350 2548 422 2589 cum
443 2526 586 2588 Domino
608 2536 640 2587 et
662 2524 811 2587 Ecclesia
837 2522 918 2607 ejus,
940 2519 1023 2586 votis
1046 2536 1079 2586 et
1100 2526 1306 2588 orationibus

348 2625 480 2689 firmiter
497 2635 709 2708 perseverant,
724 2623 782 2686 etsi
799 2624 937 2686 inimicis
959 2634 993 2687 et
1014 2626 1304 2708 persequutoribus

349 2724 493 2790 ecclesiae
515 2746 647 2807 corpore
672 2736 705 2787 et
730 2726 827 2786 serbo
850 2738 943 2787 tenus
965 2727 997 2789 iu
1025 2728 1131 2790 multis
1155 2748 1304 2790 commu·

349 2828 469 2891 nicent.
515 2826 568 2888 Sic
588 2825 746 2888 Jonathas
761 2844 835 2887 cum
857 2825 953 2888 Saule
975 2840 1065 2915 patre
1087 2848 1145 2889 suo
1165 2847 1304 2909 corpore

348 2930 542 3000 versabatur,
562 2926 620 2989 sed
642 2936 709 2988 tota
730 2926 846 2988 mentis
868 2927 1050 2991 sinceritate
1072 2949 1146 2990 eum
1170 2928 1301 2991 Decide

347 3029 516 3093 exulabat:
547 3027 602 3090 Sic
627 3027 723 3090 etiam
750 3026 790 3088 ad
820 3026 881 3090 filii
907 3027 1071 3110 patricidae
1102 3030 1300 3091 consortium

347 3130 447 3195 Cusai
475 3129 657 3193 Arachitem
685 3129 719 3190 in
749 3128 883 3191 exilium
919 3142 1142 3211 properantem
1177 3132 1304 3196 remisit

348 3231 464 3307 David,
479 3232 613 3293 mallens
635 3231 724 3292 illum
747 3250 820 3294 cum
844 3229 955 3292 amicis
977 3229 1081 3293 Sadoc
1097 3242 1128 3293 et
1143 3232 1303 3296 Abiathar

346 3331 564 3396 sacerdotibus
577 3331 660 3394 inter
672 3330 821 3393 inimicos
844 3332 964 3393 utiliter
984 3333 1185 3410 commorari,
1199 3354 1301 3416 quam

346 3432 407 3495 sibi
441 3432 594 3495 inutiliter
628 3432 809 3494 coexulare.
869 3429 1033 3503 Quosdam
1070 3433 1301 3516 episcoporum

341 3533 475 3617 justitiae
494 3533 627 3596 Domini
648 3543 681 3596 et
695 3532 787 3594 robis
807 3533 912 3595 favere
933 3554 1000 3594 non
1021 3533 1143 3612 dubito,
1158 3544 1190 3596 et
1205 3556 1302 3598 max.

345 3636 440 3697 imam
456 3647 575 3717 partem
591 3636 678 3712 cleri,
693 3634 752 3697 etsi
769 3636 817 3696 vel
833 3654 873 3695 ex
890 3634 1081 3696 necessitate
1097 3636 1147 3696 vel
1163 3635 1300 3716 pusilla-

344 3736 489 3797 nimitate
515 3734 726 3798 dissimulant.
782 3735 864 3805 Quis
894 3735 979 3797 euim
1010 3735 1158 3817 opinetur
1187 3736 1301 3806 omnia

345 3833 448 3896 sidera
463 3834 620 3896 defectum
637 3835 753 3917 pariter
767 3832 942 3897 sustinere?

387 3936 433 3998 Ut
447 3955 522 4015 ergo
545 3932 585 3995 de
607 3944 721 3997 caetero
744 3956 871 3997 manum
896 3936 1094 4013 contraham,
1112 3937 1301 4015 consilium,

343 4036 430 4120 quod
460 4057 479 4099 a
508 4056 560 4098 me
590 4036 740 4119 queritis,
770 4036 922 4116 ingenioli
951 4036 1015 4098 mei
1042 4038 1123 4099 vires
1153 4038 1301 4116 excedit,

342 4160 447 4223 neque
457 4160 608 4222 umquam
624 4138 701 4201 utin
714 4158 818 4218 regem
835 4137 1000 4199 dominum
1011 4150 1145 4200 vestrum
1162 4138 1299 4201 anathe-

343 4240 447 4317 matis,
459 4241 554 4304 autin
566 4240 754 4306 innocentes
766 4239 855 4320 regni
870 4238 978 4301 feratis
993 4240 1181 4302 sententiam
1196 4239 1299 4302 inter-

342 4338 431 4418 dicti,
442 4341 652 4424 praecipitabo
668 4340 846 4403 consilium.
891 4338 1007 4402 Adhuc
1024 4340 1125 4402 fixum
1142 4353 1189 4402 cst
1204 4341 1298 4422 apud

340 4465 403 4518 me,
433 4442 520 4525 quod
557 4441 686 4504 auribus
717 4442 828 4504 vestris
856 4441 998 4503 intimavi
1034 4441 1121 4523 apud
1153 4451 1298 4508 castrum

341 4544 545 4621 Theodorici,
561 4564 619 4605 nec
637 4544 677 4604 ab
694 4544 747 4605 illa
762 4543 880 4605 recedo
897 4543 1064 4604 sententia.
1110 4543 1196 4615 Quid
1211 4543 1297 4606 illud

340 4647 391 4720 sit,
416 4645 548 4727 potestis
575 4643 765 4721 meminisse,
790 4644 865 4726 quia
893 4642 977 4704 idem
1009 4643 1202 4717 sentiebatis,
1228 4644 1296 4707 boc

340 4760 443 4805 tauron
461 4746 587 4828 adjicio,
603 4756 639 4805 ut
659 4766 752 4826 super
771 4745 821 4805 bis
837 4758 867 4805 et
883 4746 955 4806 aliis
971 4765 1042 4826 qun
1062 4756 1173 4825 postea
1189 4766 1295 4805 emcr-

341 4857 457 4914 sorunt,
473 4843 648 4907 consulatis
664 4837 828 4906 dorninutn
847 4845 1091 4915 l'iotaricnsern,
1109 4856 1141 4905 et
1156 4845 1295 4908 aliorum
