3300 6434
347 1231 410 1291 820
608 1242 744 1288 ioannis
760 1240 1041 1287 sanmnsarsnsrs
1212 1225 1265 1305 [r.
1285 1243 1318 1288 n.

347 1394 493 1473 titudine,
508 1415 603 1477 qoam
619 1395 787 1458 verborum
798 1396 1017 1479 increpatione
1028 1394 1217 1478 corripiunt.
1255 1394 1315 1458 Sic

346 1496 379 1558 in
402 1505 515 1578 quarto
536 1516 645 1577 regum
669 1496 831 1559 Helisaeus
858 1496 942 1577 regis
968 1497 1067 1559 lsrael
1089 1493 1313 1559 idololatriam

346 1595 531 1674 detestatur,
546 1606 578 1660 et
595 1597 625 1659 ei
648 1596 811 1660 oraculum
835 1596 1019 1679 Ptophetiae
1041 1617 1109 1659 non
1131 1595 1310 1672 subtrahit,

346 1697 403 1762 sed
414 1698 486 1782 quis
498 1699 548 1771 sit,
560 1696 675 1782 quidve
687 1719 838 1781 passurus
849 1719 891 1761 ex
903 1698 1016 1762 merito
1031 1698 1137 1780 palam
1149 1697 1307 1781 loquitur,

345 1810 378 1863 et
405 1800 608 1884 proverbium
637 1801 759 1863 nullum
785 1800 873 1863 dicit
928 1798 982 1862 Sic
1009 1799 1119 1883 itaque
1146 1799 1305 1883 potestati

346 1900 457 1978 desert,
472 1899 518 1963 sic
537 1921 597 1984 pro
611 1900 785 1965 reverentia
799 1901 930 1965 alterius
952 1900 1125 1985 respondet
1147 1901 1257 1978 alteri,
1272 1907 1307 1964 ut

344 2022 409 2064 non
425 2001 536 2084 religio
546 2002 708 2085 jacturam
722 2001 830 2079 faciat,
841 2000 898 2064 sed
913 2003 1004 2065 aelus
1015 2002 1175 2085 exprimat
1185 2001 1303 2065 carita-

346 2115 421 2169 tem.
456 2105 511 2167 Ait
525 2104 626 2167 enim:
652 2103 742 2171 Quid
755 2106 839 2167 milti
852 2112 884 2166 et
901 2103 972 2182 tibi,
983 2123 1045 2166 rea
1062 2102 1195 2166 Israel?
1220 2103 1307 2167 node

344 2206 390 2268 nd
399 2207 578 2288 prophetas
590 2207 700 2286 patris
711 2206 773 2282 tni,
782 2212 816 2267 et
830 2206 946 2267 matris
961 2212 1034 2266 tuo.
1087 2205 1169 2266 Vicit
1187 2206 1306 2268 Domi·

296 2291 298 2295 ⁴
343 2326 414 2383 nes,
438 2307 476 2367 in
501 2307 595 2389 cnjus
624 2313 793 2386 conspectu
820 2314 880 2382 sto,
906 2304 993 2390 quod
1020 2307 1050 2366 si
1078 2325 1143 2367 non
1172 2307 1305 2369 moltam

343 2408 503 2487 Josoptrot
528 2409 614 2488 repis
641 2406 739 2469 ,Indo
766 2405 992 2481 erubescerem,
1019 2423 1060 2466 ne
1088 2405 1306 2468 attendissem

343 2507 473 2589 quidem
496 2515 536 2585 te,
551 2528 609 2569 nec
631 2508 850 2587 respexissem.
895 2506 1017 2569 Eorum
1034 2525 1109 2567 tero
1132 2504 1307 2569 sacrificiis

343 2606 620 2688 periculosissime,
637 2617 668 2669 et
690 2619 725 2669 ut
747 2608 872 2689 opinor,
887 2627 952 2668 non
975 2606 1044 2669 sine
1068 2605 1180 2668 salutis
1203 2604 1304 2669 detri-

344 2714 452 2767 mento
482 2706 746 2776 communicatur,
777 2706 865 2789 quod
895 2727 938 2768 ex
971 2726 1128 2769 canonum
1159 2706 1303 2769 lectione

344 2807 482 2889 plenius,
507 2817 542 2869 ut
566 2806 679 2883 nostis,
702 2814 799 2888 patet.
846 2807 930 2869 Nam
960 2817 992 2870 et
1023 2807 1169 2870 Naaman
1201 2808 1304 2889 Syrus
1353 2802 1358 2810 '

344 2906 521 2970 ministerio
538 2907 672 2970 Helisaei
689 2918 816 2970 curatus
831 2928 851 2970 a
864 2909 963 2992 lepra,
975 2906 1098 2970 domini
1109 2908 1203 2972 suist
1217 2910 1304 2991 regis

343 3005 1304 3089 Syriae,publicisorationibusinteressenonaudetnisirenis

342 3108 519 3191 impetrata,
533 3106 595 3171 nisi
612 3127 692 3170 onus
708 3106 844 3171 duorum
867 3105 1061 3181 burdonum,
1077 3108 1129 3170 cni
1145 3108 1246 3172 instet
1266 3121 1302 3173 et

342 3207 462 3284 sedeat,
477 3218 619 3291 asportet
632 3208 665 3269 in
681 3208 815 3271 idolium
837 3207 877 3270 de
893 3219 974 3270 terra
998 3206 1127 3283 Sancta,
1142 3209 1204 3272 nisi
1224 3230 1301 3293 pro·

342 3306 481 3389 pheticis
501 3307 698 3371 orationibus
720 3304 808 3370 hunc
831 3319 947 3390 purget
969 3328 1151 3385 excessum,
1173 3307 1302 3388 dicens,

345 3407 485 3475 Quando
499 3409 686 3490 inpreditnr
700 3407 851 3470 dominns
864 3428 953 3470 mens
965 3410 1120 3491 templum
1137 3408 1301 3474 Bemmmt

342 3518 379 3572 nt
389 3510 512 3588 adoret,
521 3518 551 3572 et
562 3512 618 3572 illo
627 3512 788 3572 innitente
798 3530 896 3590 snper
905 3530 1040 3571 manum
1052 3530 1169 3587 meam,
1177 3512 1301 3575 odoru-

342 3631 413 3673 cero
427 3614 531 3675 Deum
543 3632 653 3675 oerum
664 3617 701 3674 in
712 3612 819 3674 eodem
833 3614 910 3689 loco,
921 3631 976 3673 oro
989 3631 1093 3695 queso
1104 3620 1141 3674 nt
1153 3614 1300 3693 ipnoscat

342 3714 426 3775 milri
440 3715 602 3777 Dominus
615 3734 701 3776 terno
718 3722 774 3775 tuo
784 3733 847 3794 pro
862 3714 922 3775 troc
938 3733 984 3775 re.
1030 3713 1066 3775 Si
1082 3734 1156 3793 ergo
1171 3725 1299 3779 tantum

342 3813 445 3875 timuit
467 3816 605 3893 gentilis,
625 3816 752 3897 ignarus
774 3815 867 3897 legis,
888 3825 1043 3898 quantum
1067 3815 1175 3878 timere
1198 3816 1299 3881 debet

341 3912 554 3997 philosophus
566 3915 778 3993 Christianus,
791 3916 905 3981 doctor
915 3915 1012 3998 legis?
1036 3917 1134 3979 Porro
1147 3919 1200 4000 qui
1213 3919 1300 3983 inter

341 4016 422 4080 tales
451 4016 590 4080 veritatis
620 4028 756 4079 assertor
792 4030 852 4088 est.
883 4019 988 4081 cultor
1023 4017 1166 4102 justitie,
1196 4019 1299 4083 divini

342 4140 447 4203 praeco
466 4117 592 4203 judicii,
614 4120 746 4183 aliorum
769 4140 834 4182 non
856 4119 1041 4202 inquinatur
1063 4132 1192 4183 attactu.
1238 4120 1298 4187 Sic

341 4221 427 4285 enim
452 4221 535 4283 Loth
564 4221 706 4284 Domino
730 4222 839 4305 placet
865 4222 898 4284 in
925 4222 1087 4301 Sodomis,
1111 4224 1234 4307 Joseph
1259 4224 1299 4288 in

341 4323 437 4386 domo
460 4322 644 4400 Pharaonis,
667 4324 799 4406 Moyses
826 4324 907 4387 inter
931 4325 1111 4408 AEthiopes,
1136 4324 1234 4390 Cusai
1260 4325 1300 4389 in

341 4423 486 4488 consiliis
514 4424 670 4499 Absalon,
701 4424 822 4487 Abdias
851 4426 884 4487 in
924 4426 1084 4488 consortio
1112 4426 1227 4489 Achab
1259 4439 1298 4491 et

338 4526 483 4600 Jezsbel,
507 4525 624 4588 Daniel
650 4548 670 4588 a
696 4527 839 4590 Domino
862 4526 1008 4608 dirigitur
1033 4536 1065 4590 et
1091 4526 1234 4609 diligitur
1255 4527 1296 4590 in

339 4625 517 4708 Babylone.

381 4726 492 4788 Meum
509 4724 616 4809 itaque
633 4727 799 4792 consilium
816 4738 911 4793 estet
932 4726 1136 4806 desiderium,
1151 4737 1186 4792 ut
1207 4729 1295 4793 iuter

340 4823 559 4892 schismaticos
574 4838 608 4891 et
622 4829 787 4896 haereticos
804 4831 900 4896 iidem
915 4830 1107 4915 praedicetis,
1118 4843 1151 4895 ot
1164 4853 1295 4914 pacem,
