3300 6434
281 1168 390 1250 litto]
662 1184 842 1232 narsrorn.
1169 1173 1232 1232 293

277 1340 395 1402 stantia
420 1338 572 1422 temporis
602 1337 643 1399 ab
669 1358 708 1400 eo
734 1337 857 1415 diverti,
883 1348 919 1401 ut
947 1337 1151 1415 innocentiae,
1172 1357 1228 1401 ne·

276 1439 417 1504 cessitati
440 1449 473 1502 et
494 1436 697 1502 verecundior
720 1459 798 1503 meae
821 1439 1051 1523 prospicerem,
1072 1439 1172 1502 immo
1194 1449 1229 1503 et

274 1561 381 1603 causae
396 1536 548 1603 Domini:
573 1558 754 1601 reversurus
781 1549 887 1603 tamen
910 1540 1054 1602 Domino
1077 1539 1226 1623 propitio,

273 1640 299 1703 si
326 1638 468 1723 quando,
484 1636 573 1722 quod
599 1658 701 1721 spero,
720 1640 797 1702 mihi
824 1661 897 1703 cum
916 1638 1126 1703 indemnitate
1146 1660 1223 1702 con·

271 1739 416 1803 scientim
431 1751 463 1802 et
477 1739 569 1802 sumae
584 1751 669 1801 recta
685 1742 867 1823 apparuerit
883 1739 973 1822 pacis
990 1741 1051 1818 via,
1067 1740 1221 1823 alioquin,

271 1850 346 1904 ante
377 1840 455 1902 milri
481 1852 614 1902 mortem
643 1840 759 1903 inserat
784 1844 992 1926 temporalem
1016 1841 1089 1923 pius
1117 1841 1224 1917 Jesns,

272 1962 368 2024 quam
383 1941 488 2024 ipsum
504 1961 561 2023 pro
576 1960 657 2022 pace
673 1941 723 2002 vel
738 1942 837 2023 gratia
852 1941 992 2005 hominis
1006 1939 1224 2024 recuperanda

271 2043 410 2105 scienter
423 2042 594 2104 offendam.

311 2143 376 2207 Sed
392 2155 426 2207 tu
446 2144 561 2205 multas
581 2142 733 2226 proponis
755 2142 983 2219 difficultates3
1005 2144 1110 2228 primo
1131 2144 1220 2229 qnod

269 2246 419 2310 Ecclesia
441 2246 619 2325 Anglorum
640 2245 673 2308 iu
696 2266 804 2308 arcum
827 2265 959 2327 pravum
980 2267 1135 2311 conversa
1154 2246 1221 2311 cal·

270 2367 405 2411 caucum
431 2345 525 2427 erigit
546 2344 697 2409 adversus
719 2345 908 2422 Dominum,
930 2355 963 2408 et
987 2346 1135 2431 episcopi
1159 2346 1219 2411 sub

267 2447 495 2531 appellationis
524 2457 682 2529 praetextu
703 2446 856 2509 malitiam
887 2467 976 2509 suam
999 2447 1144 2510 nituntur
1165 2468 1217 2511 co·

268 2545 367 2607 lorare
393 2557 425 2606 et
453 2563 608 2606 evacuare
634 2544 837 2618 sententiam,
867 2564 932 2625 qua
960 2541 1001 2606 de
1030 2542 1117 2607 sedis
1142 2566 1220 2628 apo·

268 2645 390 2708 stolicae
400 2641 525 2729 judicio
545 2645 714 2707 emanavit.
751 2643 816 2708 Sed
831 2643 986 2725 profecto,
1008 2645 1036 2707 ai
1056 2644 1220 2710 Dominus

268 2747 439 2809 uobiscum
470 2757 528 2822 est,
557 2745 622 2807 imo
651 2746 728 2827 quia
756 2766 814 2827 per
845 2744 1094 2809 misericordiam
1126 2767 1218 2811 anam

266 2849 435 2911 nobiscum
451 2857 512 2923 est,
526 2867 584 2928 pro
601 2867 636 2909 se
656 2845 855 2929 patientibus
878 2856 910 2908 et
928 2846 1125 2929 proscriptis,
1142 2849 1220 2931 quia

267 2950 297 3011 ei
327 2948 361 3011 in
388 2968 487 3012 causa
510 2947 572 3009 ista
596 2967 640 3009 ex
665 2946 864 3009 conscientia
885 2956 995 3009 nostra
1019 2945 1218 3012 decrevimus

265 3049 409 3112 famulari
434 3067 536 3131 usque
562 3047 605 3110 ad
633 3059 777 3123 mortem,
805 3047 916 3129 plures
935 3047 1104 3110 nobiscum
1132 3059 1217 3128 sunt,

267 3171 362 3234 quam
379 3171 451 3214 cum
467 3149 541 3224 illis,
557 3161 742 3232 certumque
758 3161 807 3212 est
820 3147 938 3212 amodo
952 3145 1040 3233 quod
1055 3149 1217 3234 episcopis

263 3251 408 3314 imminet
443 3252 534 3315 labor
567 3263 600 3314 et
635 3250 738 3328 dolor,
773 3250 837 3313 nisi
875 3250 1042 3314 salubriori
1078 3252 1215 3315 consilio

263 3354 521 3435 acquiescentes,
543 3372 658 3435 pacem
685 3350 844 3428 ecclesias,
866 3371 962 3433 quam
987 3370 1053 3412 non
1076 3349 1215 3433 proden-

261 3452 347 3529 dam,
362 3451 420 3516 aed
443 3450 686 3517 custodiendam
704 3462 927 3534 susceperunt,
948 3449 1041 3513 citius
1062 3449 1214 3516 studeant

259 3555 439 3617 reformare.
485 3553 560 3616 Rex
575 3553 609 3615 in
625 3551 816 3635 imperatore
833 3549 979 3624 confidit,
994 3562 1027 3614 et
1041 3551 1074 3613 in
1089 3553 1212 3636 captio·

261 3675 302 3717 ne
318 3652 440 3715 domini
456 3672 560 3735 papa,
575 3673 669 3736 quam
682 3653 710 3716 ei
724 3652 935 3716 vaticinantur
945 3652 1109 3735 prophetae
1122 3651 1212 3732 Baal,

261 3756 341 3818 salsa
365 3752 508 3817 ridentes
530 3764 563 3816 et
588 3753 696 3831 stulta,
720 3753 884 3837 quianon
906 3753 1079 3836 loquuntur
1101 3776 1120 3818 a
1142 3755 1211 3818 Do·

260 3857 366 3920 mino:
396 3854 453 3918 sed
477 3855 521 3918 ita
542 3855 655 3919 Achab
680 3855 850 3938 deceptum
872 3875 943 3919 esse
965 3854 1158 3934 memineris,
1177 3868 1211 3922 et

259 3957 336 4021 dnm
365 3968 506 4040 speraret
534 3957 710 4034 victoriam,
732 3956 871 4019 hostium
895 3956 1011 4037 gladiis
1040 3957 1209 4026 corruisse.

259 4058 396 4142 Sapiens
405 4057 531 4120 interim
545 4056 654 4121 audiat
669 4078 689 4121 a
704 4058 841 4133 Catone,

400 4164 433 4216 ln
444 4169 528 4216 morte
538 4161 644 4217 alterius
655 4179 728 4235 spem
739 4168 769 4215 tu
780 4161 829 4213 tibi
840 4177 935 4232 ponere
945 4158 1009 4224 noli,
1122 4205 1124 4210 .

257 4261 435 4346 praesertim
459 4259 639 4323 innocentis
659 4270 692 4321 et
712 4256 856 4334 Domini,
871 4255 964 4340 cujus
989 4256 1074 4320 diem
1095 4279 1208 4341 preve·

257 4363 337 4440 nire,
346 4363 395 4425 vel
405 4371 489 4438 roto,
497 4357 659 4441 parricidii
668 4354 907 4436 instarestsed,
916 4358 1057 4421 Domino
1068 4371 1206 4440 auctore,

259 4462 408 4527 dominus
433 4482 517 4545 papa
538 4472 751 4543 prosperatur,
772 4473 806 4522 et
827 4469 924 4543 capto
946 4479 1048 4541 nuper
1068 4460 1207 4540 Albano,

257 4565 342 4628 sicut
366 4562 541 4626 certissime
566 4571 702 4638 constat,
722 4560 844 4623 dilatati
873 4569 949 4622 sunt
974 4579 1101 4640 gressus
1125 4560 1203 4646 ejus.

258 4667 365 4739 Quum
381 4683 399 4726 e
417 4674 527 4726 contra
543 4660 715 4724 Teutonici
730 4658 858 4742 tyranni
879 4670 913 4724 et
926 4658 1142 4725 haeresiarcha
1157 4661 1206 4726 sui

257 4765 325 4828 vias
339 4763 442 4847 sepiat
457 4762 549 4824 Deus
564 4758 704 4844 quotidie
725 4759 838 4842 spinis,
852 4769 885 4822 et
904 4758 993 4842 qnod
1007 4757 1206 4835 dissimulare
