3300 6434
356 1245 552 1325 rrae-61]
745 1262 925 1307 nmsroaar.
1269 1250 1311 1320 68

354 1432 419 1476 non
430 1411 525 1478 debet
537 1410 716 1496 suffragari,
728 1411 816 1497 quod
832 1411 919 1476 illius
934 1409 1154 1498 praescriptum
1170 1410 1305 1476 fundum

352 1513 518 1590 advocato,
531 1514 613 1578 sicut
627 1513 717 1577 nobis
733 1513 866 1576 confessi
882 1526 968 1591 sunt,
980 1512 1192 1589 tradiderunt,
1204 1534 1305 1598 quum

351 1614 405 1679 ille
421 1614 476 1702 qui
491 1614 566 1679 dolo
581 1614 674 1679 desiit
689 1613 850 1701 possidere
861 1636 918 1700 pro
932 1636 1109 1700 possessore
1120 1613 1304 1679 damnetur:

352 1716 437 1779 unde
453 1715 556 1779 locum
572 1713 779 1778 incontinenti
795 1713 977 1790 restituant,
993 1727 1025 1778 et
1040 1712 1206 1798 pecuniam
1222 1712 1306 1777 infra
1383 1760 1385 1763 ψ

350 1815 521 1880 instantem
535 1811 740 1878 festivitatem
759 1814 903 1878 omnium
919 1831 1099 1878 sanctorum
1115 1814 1306 1899 persolvant.

351 1916 447 1990 Quod
464 1916 489 1979 si
504 1916 654 1979 dominus
668 1915 761 1979 fundi
777 1916 867 1980 vobis
878 1937 1081 2001 quacumque
1095 1914 1257 1979 occasione
1272 1937 1306 1980 sa

352 2016 547 2102 opposuerit,
564 2039 637 2081 eum
653 2016 819 2081 severitate
840 2016 1061 2093 ecclesiastica,
1077 2016 1221 2082 adhibita
1235 2015 1307 2080 diti-

350 2120 468 2203 gentia,
482 2139 625 2184 coercere
640 2139 701 2184 non
718 2115 881 2184 differatis.

677 2414 899 2479 EPISTOLA
923 2415 979 2478 Lr.

754 2572 904 2635 Cnidum.

394 2729 577 2794 Iurnnnnrr
601 2730 660 2795 sibi
677 2728 757 2795 laeait
778 2752 902 2808 nasum,
919 2730 968 2794 rel
987 2730 1071 2795 eruit
1091 2729 1232 2809 oculum,
1246 2731 1303 2816 qui

350 2827 514 2894 salutifero
539 2831 629 2916 signo
657 2832 769 2921 faciem
796 2833 921 2895 munire
947 2830 1099 2917 disponit.
1144 2833 1303 2908 Quorsum

350 2929 441 2995 haec?
464 2932 580 3018 inquis.
612 2934 665 2997 Ad
683 2934 737 2998 illa
752 2958 826 3021 quae
841 2934 918 2997 mihi
935 2933 1102 3020 scripsistis
1117 2932 1304 3019 respondeo,

350 3053 411 3095 non
425 3046 528 3096 tamen
542 3034 716 3101 infortunio
728 3048 786 3100 tuo
796 3035 927 3111 insulto,
940 3035 1037 3099 miror
1048 3033 1159 3120 magis,
1171 3046 1201 3098 et
1213 3045 1304 3099 tanto

350 3133 520 3214 acerbiore,
538 3134 647 3201 dolore
668 3136 854 3222 compatior,
873 3149 992 3224 quanto
1012 3148 1187 3222 utrumque
1206 3135 1304 3199 since-

348 3235 414 3300 rius
428 3235 545 3322 diligo:
575 3260 710 3324 quorum
727 3238 832 3318 alteri,
846 3240 872 3303 si
891 3238 1120 3326 querelajusta
1134 3249 1193 3315 est,
1208 3258 1304 3320 opera

348 3336 443 3425 periit
457 3349 490 3402 et
504 3338 662 3425 impensa:
689 3345 824 3407 alterum
841 3340 1050 3428 perniciosius
1065 3338 1178 3403 vitium
1200 3337 1304 3420 ingra-

349 3436 497 3505 titudinis
525 3439 724 3505 dehonestat.
768 3443 870 3505 Porro
898 3440 1030 3505 alterius
1053 3442 1181 3524 jactura
1210 3435 1304 3520 longe

346 3539 476 3625 gravior
496 3551 555 3603 est.
602 3540 689 3603 Hinc
710 3539 793 3602 enim
812 3561 931 3618 rerum,
951 3538 1026 3602 inde
1046 3535 1219 3600 honestatis
1238 3534 1304 3599 dis·

347 3637 510 3722 pendium.
556 3640 729 3718 Caeterum,
744 3639 770 3702 si
792 3640 887 3724 sapis,
904 3640 972 3703 haec
993 3636 1148 3702 versatilis
1163 3637 1302 3702 fortuma

347 3735 465 3822 injuria
476 3737 540 3802 tuis
556 3740 668 3802 usibus
679 3738 811 3804 militat:
835 3752 1018 3827 compensat
1029 3738 1111 3803 enim
1124 3738 1303 3823 cognitione

343 3857 463 3915 rarum,
490 3838 578 3924 quod
605 3839 801 3926 ingratorum
829 3841 908 3906 vitio
934 3841 1001 3906 visa
1025 3855 1072 3905 est
1095 3839 1302 3905 subtraxisse.

347 3939 447 4005 Auxit
473 3963 550 4027 ergo
571 3942 789 4028 prudentiam,
811 3966 886 4030 quae
908 3957 940 4009 te
962 3944 1021 4008 hoc
1048 3942 1179 4009 stimulo
1202 3941 1303 4007 voluit

347 4043 488 4109 excitari.
532 4045 653 4110 Jubent
674 4046 715 4110 ab
738 4046 812 4110 aula
832 4046 930 4111 duces
953 4044 1159 4111 mercenarios
1179 4044 1305 4124 milites,

346 4144 371 4209 si
406 4145 528 4211 hostem
564 4146 695 4212 fortuna
730 4149 938 4214 subduxerit:
976 4148 1086 4213 eodem
1120 4145 1303 4211 imminente

344 4246 471 4311 avidius
496 4262 695 4313 revocantur.
751 4249 910 4335 Quisquis
935 4273 1012 4336 ergo
1042 4248 1112 4313 vult
1138 4247 1304 4333 stipendiis

345 4348 486 4431 gaudere
507 4347 709 4433 perennibus,
725 4372 744 4413 a
759 4351 874 4414 militia
893 4373 955 4415 non
978 4350 1114 4415 recedat.
1158 4354 1202 4414 At
1218 4348 1306 4413 istud

346 4467 408 4509 non
425 4446 516 4510 ducis
533 4460 669 4523 tantum,
682 4447 782 4511 hostis
798 4471 930 4534 quoque
941 4449 1128 4514 beneficium
1144 4463 1201 4513 est.
1228 4449 1304 4512 Pro·

347 4545 432 4609 fecto
452 4546 510 4609 nisi
527 4546 626 4610 mavis
641 4546 852 4623 dissimulare,
866 4548 899 4610 in
918 4561 1014 4634 portu
1036 4547 1177 4632 navigas,
1192 4558 1224 4610 et
1246 4568 1306 4633 pro

347 4646 480 4711 arbitrio
503 4661 571 4726 tuo,
587 4661 692 4713 vestra
712 4647 785 4713 licet
802 4648 992 4727 lubricant,
1008 4649 1138 4713 fortuna
1153 4649 1303 4728 mutabit,

348 4746 438 4811 flabit
464 4749 596 4835 spiritus
626 4762 712 4831 tuus,
738 4748 838 4815 fluent
865 4774 969 4837 aquae,
995 4750 1118 4837 grando
1143 4750 1300 4827 concidet,

348 4854 580 4919 coruscationes
602 4867 634 4921 et
657 4854 799 4919 tonitrua
819 4853 1040 4923 imminebunt.
1086 4853 1305 4931 Movebuntur
