3300 6434
412 1201 471 1260 170
671 1214 807 1258 romnus
823 1211 1103 1259 sanmasmsnms
1266 1197 1311 1276 [a.
1328 1216 1361 1260 n.

405 1362 603 1427 coacervavit
618 1361 881 1446 indignationem,
893 1374 930 1426 ut
945 1362 1074 1426 domino
1089 1362 1310 1427 Cantuariensi
1326 1375 1359 1427 et

406 1462 594 1527 cancellario
608 1486 668 1527 suo
681 1485 737 1526 rex
753 1462 820 1547 ipse
837 1461 1083 1538 denuntiaverit,
1098 1485 1148 1525 me
1163 1463 1359 1548 majestatem

407 1564 527 1647 regiam
548 1563 712 1639 minuisse,
727 1577 760 1628 et
774 1564 816 1627 ob
837 1564 897 1627 hoc
915 1563 957 1627 ab
976 1565 1148 1628 amicorum
1168 1577 1199 1627 et
1215 1563 1358 1627 fidelium

406 1686 540 1728 numero
553 1664 799 1731 excludendum.
837 1664 966 1730 Auditis
985 1666 1080 1730 etiam
1098 1665 1222 1740 litteris,
1240 1667 1359 1750 quibus

406 1765 616 1830 innocentiam
639 1788 740 1835 meam
755 1779 859 1831 restra
879 1767 1060 1851 benignitas
1081 1766 1259 1845 excusavit,
1273 1787 1359 1827 rnen-

407 1865 505 1932 dosus
518 1866 571 1932 ilte
585 1880 617 1932 et
633 1868 769 1932 mendax
784 1869 890 1932 dicere
905 1889 1003 1932 ausus
1018 1881 1077 1949 est,
1092 1870 1258 1932 Dominus
1267 1889 1358 1949 papa

405 1973 535 2052 scripsit
556 1972 641 2052 quod
662 1972 776 2046 notuit,
805 1991 880 2054 erpo
902 1970 1030 2034 domino
1051 1974 1119 2054 reqi
1140 1973 1252 2056 reffero,
1276 1970 1361 2052 quod

407 2091 518 2134 oerum
532 2075 614 2137 novi.
657 2070 827 2136 Provideat
850 2070 950 2156 igitur
973 2072 1050 2136 mihi
1070 2072 1174 2159 pietas
1193 2084 1307 2151 restra,
1327 2083 1359 2135 et

406 2171 489 2257 regis
503 2172 639 2260 gratiam
654 2172 780 2238 studeat
795 2172 975 2238 reformare.

545 2461 782 2525 EPISTOLA
810 2461 1057 2529 emt-in
1071 2483 1224 2528 nunonis.

748 2622 886 2685 Domino
900 2623 1013 2705 Papa.

450 2755 621 2823 Ciamcns
643 2756 775 2843 quidam
795 2756 836 2820 de
858 2755 980 2821 familia
999 2755 1155 2820 Willelmi
1177 2757 1269 2821 bonae
1292 2779 1356 2819 me-

406 2856 515 2920 moriae
542 2857 752 2922 Eboracensis
780 2858 1021 2946 archiepiscopi,
1040 2859 1167 2923 nomine
1197 2859 1356 2945 Sympho-

406 2959 524 3035 rianus,
541 2960 572 3023 in
595 2962 764 3046 prasentia
789 2960 871 3046 regis
897 2961 1051 3048 Stephani
1071 2974 1103 3026 et
1123 2961 1356 3047 episcoporum,

405 3071 438 3123 et
447 3058 602 3125 baronum
615 3063 791 3146 Angliae,in
803 3062 942 3149 quodam
952 3079 1111 3127 conventu
1120 3062 1234 3126 celebri
1240 3062 1357 3127 Osber-

406 3174 474 3226 tum
492 3161 724 3228 Eboracensem
739 3163 994 3228 archidiaconum
1014 3164 1173 3249 impetivit
1189 3185 1283 3248 super
1298 3163 1356 3226 cri-

405 3262 490 3326 mine
502 3264 654 3340 veneficii,
667 3288 732 3351 quo
743 3264 934 3350 pradictum
946 3264 1219 3351 archiepiscopum
1232 3264 1357 3327 dicebat

404 3364 595 3448 extinctum,
618 3389 738 3430 veneno
760 3367 820 3431 sibi
840 3389 898 3453 per
917 3366 1172 3430 archidiaconum
1195 3366 1226 3429 iu
1249 3389 1357 3429 mensa

405 3466 538 3531 Domini
554 3471 733 3555 propinato,
753 3476 940 3554 promittens
955 3480 1137 3533 constanter
1157 3490 1190 3531 se
1205 3468 1264 3533 hoc
1278 3467 1355 3530 ferri

404 3567 578 3647 candentis,
594 3580 650 3635 aut
672 3593 767 3658 aquae
785 3570 949 3647 ferventis,
965 3583 1020 3635 aut
1039 3569 1277 3645 monomachiae,
1298 3583 1355 3634 aut

404 3668 467 3733 alio
476 3672 601 3757 judicio
612 3674 831 3760 probaturam.
850 3674 1009 3739 Osbertus
1020 3696 1096 3738 vero
1103 3673 1356 3739 constantissime

404 3770 522 3837 crimen
544 3774 714 3853 inficiatus,
737 3775 905 3862 privilegio
934 3775 1100 3860 dignitatis
1122 3788 1154 3839 et
1176 3772 1295 3839 ordinis
1324 3797 1356 3839 se

403 3896 465 3939 uon
487 3875 651 3949 laicorum,
674 3876 729 3939 sed
752 3875 962 3940 ecclesiastico
985 3890 1110 3940 tautum
1135 3875 1258 3957 judicio
1280 3877 1355 3940 sub-

398 3975 517 4061 jacere,
540 3990 572 4041 et
593 3999 626 4040 se
648 3976 694 4040 illi
710 3998 766 4062 per
787 3977 894 4040 omnia
908 3990 1057 4062 paratum
1080 3988 1162 4041 stare
1182 3976 1354 4061 respondit.

405 4079 499 4143 Datis
510 4101 587 4164 ergo
594 4080 636 4143 ab
647 4078 792 4166 utrisque
801 4077 1041 4163 fidejussoribus
1049 4077 1091 4142 de
1103 4076 1159 4142 lite
1169 4076 1356 4160 exequenda

399 4176 496 4262 juxta
510 4180 769 4246 consuetudinem
780 4179 886 4266 gentis
901 4191 1016 4244 nostrae
1032 4178 1063 4242 in
1073 4200 1169 4242 mauu
1185 4180 1280 4263 regie,
1296 4179 1353 4264 qui

404 4278 496 4343 nobis
507 4292 539 4343 et
547 4282 702 4346 fratribus
712 4281 828 4347 nostris
836 4279 1080 4345 reclamantibus
1089 4296 1121 4343 et
1131 4279 1356 4359 renitentibus,

403 4401 529 4444 causam
546 4384 626 4447 hanc
642 4397 773 4471 propter
786 4382 985 4448 atrocitatem
1008 4380 1158 4458 criminis,
1173 4395 1206 4445 et
1220 4383 1297 4468 quia
1317 4406 1356 4447 eo

405 4496 559 4563 praesente
580 4484 705 4551 initiata
719 4499 797 4560 erat,
813 4485 855 4549 ad
870 4485 976 4548 forum
992 4507 1084 4548 suum
1100 4482 1257 4569 pertinere
1272 4484 1355 4549 dice

405 4580 470 4659 bat,
482 4586 622 4670 usquein
635 4586 1068 4673 octavasEpiphaniaedilata
1077 4600 1123 4651 est
1130 4588 1352 4653 controversia

450 4685 576 4750 interea
591 4688 656 4774 regi
675 4689 837 4775 Stephano
852 4688 1070 4753 serenissimus
1084 4688 1230 4760 dominus
1246 4705 1351 4755 noster

405 4803 460 4848 rex
485 4788 644 4852 Henricus
667 4791 828 4866 successit,
853 4789 893 4853 de
907 4791 1000 4874 cujus
1022 4790 1179 4866 manibus,
1204 4790 1256 4854 vix
1280 4812 1350 4855 cum
