3300 6434
355 1152 462 1231 llos]
732 1169 911 1214 srrsrotrs.
1111 1160 1117 1167 ’
1236 1156 1299 1214 285

350 1321 433 1382 sicut
448 1322 559 1403 accepi
580 1341 637 1403 pro
657 1330 753 1397 certo,
770 1332 939 1403 postquam
961 1322 1081 1403 priores
1101 1322 1220 1384 litteras
1242 1344 1299 1385 cx-

352 1443 520 1498 arareram,
550 1424 584 1484 iu
614 1443 747 1485 accessu
782 1422 986 1503 Filgeriarum
1021 1442 1115 1502 grave
1148 1421 1299 1486 damnum

349 1543 519 1605 perpessus
537 1534 596 1600 est,
611 1520 699 1605 quod
720 1520 825 1584 adhue
848 1522 1015 1605 deplorant
1029 1522 1116 1604 apud
1130 1543 1191 1584 nos
1205 1524 1300 1587 amici

351 1624 557 1702 Francorum,
572 1644 705 1707 quornm
722 1622 850 1705 quidam
867 1623 953 1704 capti
968 1634 1051 1700 sunt,
1063 1624 1116 1686 alii
1132 1625 1300 1703 vulnerati,

350 1723 425 1787 dum
437 1746 552 1807 purum
568 1724 711 1787 sitientes
721 1734 896 1803 argentum,
907 1723 1092 1787 nitebantur
1103 1726 1224 1788 strenui
1236 1747 1300 1808 prae

349 1825 473 1888 caeteris
487 1847 650 1908 apparere.

394 1926 564 1990 Audieram
579 1929 649 1991 haec
666 1929 754 2013 prius
768 1929 802 1990 in
825 1930 913 1991 curia
929 1929 1192 1992 Christianissimi
1214 1930 1299 2010 regis

352 2029 555 2104 Francorum,
581 2030 667 2113 apud
695 2029 887 2093 Laudunum
910 2030 1042 2092 honeste
1067 2039 1099 2092 et
1123 2040 1301 2092 reverenter
1352 2092 1356 2097 .

349 2137 518 2208 susceptus
534 2129 574 2190 ab
590 2150 647 2191 eo:
671 2128 729 2191 sed
744 2149 809 2190 nou
831 2129 923 2191 facile
945 2129 1145 2209 rumigerulis
1164 2128 1298 2202 credidi,

350 2228 426 2289 licet
436 2225 895 2310 aliquantulumfidemsaceret
905 2228 1073 2306 dubitanti,
1084 2230 1170 2312 quod
1181 2229 1299 2293 Comes

350 2329 510 2392 Rnbertus
526 2330 683 2392 tristitiam
699 2329 776 2393 inde
799 2340 991 2413 conceptam
1013 2328 1211 2395 dissimulare
1233 2354 1298 2394 non

349 2441 482 2511 poterat.
528 2430 650 2492 Dicunt
670 2431 764 2493 etiam
787 2430 875 2514 quod
895 2430 1033 2493 famelici
1054 2442 1188 2504 saturos,
1204 2445 1235 2494 et
1249 2433 1298 2494 in·

348 2552 426 2613 opes
438 2532 588 2613 copiosos
603 2553 704 2595 rerum
721 2533 864 2594 omnium
879 2530 1030 2593 obsident
1040 2532 1159 2608 hostes,
1169 2544 1200 2595 et
1211 2533 1299 2615 quod

348 2633 497 2694 obsessus
513 2627 678 2704 obsidente
693 2633 789 2712 longe
805 2631 946 2694 securior
956 2642 1014 2692 est.
1036 2631 1193 2694 Radulfns
1203 2634 1299 2710 enim,

347 2746 382 2795 ut
397 2733 578 2815 perhibent,
595 2746 736 2796 castrum
752 2755 845 2795 suum
865 2733 985 2814 optime
999 2734 1212 2816 praemunivit,
1227 2757 1296 2798 ras-

347 2835 489 2917 tavitque
505 2834 659 2917 quicquid
675 2837 894 2898 alimentorum
910 2835 943 2894 iu
960 2834 1094 2896 circuitu
1114 2857 1171 2897 suo
1194 2837 1299 2917 potuit

347 2936 492 3012 inveniri,
503 2956 563 2997 nee
583 2935 623 2998 ad
639 2935 807 2997 remotiora
822 2934 890 2995 sine
905 2935 1031 3014 magnis
1046 2935 1149 3018 copiis
1164 2957 1295 3019 praeam-

346 3034 525 3098 bulantium
541 3034 690 3117 progredi
706 3035 791 3110 licet,
806 3054 844 3095 eo
859 3033 946 3116 quod
962 3034 1223 3098 electissimorum
1238 3037 1297 3098 mi·

254 3170 258 3179 ·
346 3137 437 3199 litum
448 3134 607 3200 Radulfns
622 3148 815 3198 memoratus
831 3137 956 3218 copiam
969 3136 1101 3213 habens,
1111 3137 1176 3200 rias
1188 3159 1297 3201 eorum

346 3239 537 3301 acutissimis
568 3239 652 3322 sepit
681 3239 792 3322 spinis,
814 3251 847 3302 et
876 3240 996 3302 aculeis
1024 3251 1115 3320 urget
1139 3262 1240 3323 equos
1263 3253 1297 3302 ut

345 3336 462 3400 cadant
478 3358 664 3400 ascensores
679 3358 787 3399 eorum
804 3347 897 3410 retro,
910 3350 941 3398 et
956 3338 1176 3401 inexercitum
1191 3339 1295 3420 ipsum
1398 3336 1400 3341 ’

344 3440 481 3514 crebras,
507 3453 542 3500 ut
572 3439 758 3519 loquuntur,
781 3438 857 3499 facit
880 3437 1084 3518 irruptiones.
1130 3438 1297 3522 Adjiciuut

345 3537 431 3621 quod
447 3537 676 3619 potentissimis
687 3537 862 3598 Britanniae
878 3537 1074 3619 proceribus,
1085 3551 1225 3621 excepto
1241 3562 1296 3604 co-

343 3638 419 3699 mite
432 3635 581 3712 Eudone,
594 3634 819 3699 confederatus
835 3649 883 3698 est
894 3637 1011 3700 soedere
1028 3649 1147 3701 mutuo.
1178 3642 1295 3705 Nonne

344 3739 389 3801 sic
406 3739 491 3800 ferus
513 3739 693 3819 singularis,
709 3748 765 3801 arrt
787 3739 936 3819 singulari
960 3740 1125 3823 proximus
1141 3763 1226 3824 aper,
1239 3743 1294 3825 qui

344 3838 525 3921 depascitur
555 3853 586 3901 et
621 3840 791 3902 conculcat
821 3839 945 3902 vineam
978 3842 1121 3918 Domini,
1152 3844 1294 3907 cohiberi

344 3940 461 4023 poterit
472 3951 504 4001 et
514 3938 692 4003 iufraenaril
719 3942 792 4019 Ego
803 3940 933 4023 quidem
947 3942 992 4005 sic
1008 3943 1095 4006 illam
1106 3944 1296 4025 interpretor

343 4041 552 4124 prophetiam,
570 4052 747 4125 expectans
768 4053 802 4104 nt
816 4043 936 4124 Aquila
957 4063 1160 4126 quacumque
1182 4045 1294 4106 subor-

343 4143 471 4206 natione
487 4143 767 4206 incommoditates
782 4144 860 4206 istas
871 4145 1014 4205 inauret:
1032 4144 1092 4205 nisi
1103 4145 1181 4207 forte
1195 4146 1294 4208 Alex·

343 4243 444 4307 ander
466 4257 575 4307 noster
598 4245 729 4307 Merlini
755 4256 920 4325 cognatus,
943 4256 975 4307 et
999 4247 1198 4308 oraculorum
1225 4247 1294 4329 ejus

343 4345 500 4426 interpres
515 4344 701 4428 prudentior
716 4344 803 4407 aliud
825 4346 948 4406 sentiat.
995 4347 1046 4407 De
1061 4346 1112 4407 his
1127 4346 1293 4410 hactenus.

344 4445 394 4506 De
409 4460 523 4507 caetero
545 4456 726 4528 pergratum
750 4445 827 4507 mihi
851 4445 999 4522 feceritis,
1014 4447 1041 4506 si
1062 4446 1192 4510 domiuo
1210 4449 1294 4529 Lug·

343 4545 493 4622 dunensi,
518 4567 613 4628 quem
640 4545 726 4626 apud
752 4567 808 4607 ros
834 4566 904 4607 esse
930 4545 1037 4621 audio,
1062 4557 1095 4608 et
1123 4548 1293 4629 plurimum

343 4643 452 4705 ridere
469 4642 627 4720 desidero,
638 4646 766 4707 nomine
783 4665 854 4707 meo
870 4645 991 4708 fueritis
1006 4647 1164 4725 gratulati,
1176 4660 1208 4710 et
1218 4670 1293 4731 ,quae

342 4744 427 4806 circa
443 4766 497 4806 ros
513 4743 681 4826 diligenter
696 4744 932 4826 rescripseritis.
