3300 6434
433 1227 492 1285 ltt
682 1239 817 1285 Jonuars
834 1238 1113 1283 saansaaarnasrs
1290 1219 1333 1299 [s.
1352 1242 1384 1283 u.

428 1404 524 1466 tores,
555 1402 586 1454 et
626 1390 697 1453 licet
731 1390 967 1474 Mandrogerus
995 1390 1156 1471 grunniat,
1186 1388 1382 1453 Trimalchio

427 1492 614 1572 intabescat,
629 1492 730 1577 rideat
747 1496 906 1572 Bromius,
920 1505 952 1555 et
969 1491 1210 1555 Mercurialium
1231 1490 1382 1554 clientum

428 1606 531 1657 coetus
541 1593 618 1657 mihi
631 1606 798 1679 patronum
813 1592 993 1667 subtrahat,
1006 1591 1053 1653 rel
1067 1592 1237 1677 Corydona
1247 1592 1384 1677 patroci-

428 1706 523 1759 nante
545 1695 687 1781 adjutus,
704 1718 766 1758 non
788 1695 993 1778 subterfugio
1014 1693 1200 1757 venerabilis
1215 1694 1383 1758 tribunalis

427 1820 570 1861 examen.
601 1799 711 1861 Tuum
725 1798 919 1883 quandoque
930 1796 1089 1882 judicium
1102 1819 1164 1859 non
1180 1795 1381 1871 declinarem,

428 1897 485 1985 qui
501 1921 551 1963 me
567 1899 762 1986 quandoque
776 1900 942 1963 amabilem
959 1897 1134 1973 credidisti,
1151 1911 1182 1962 et
1197 1918 1316 1977 revera,

570 2024 660 2087 Eram,
673 2025 716 2093 (ut
728 2022 875 2087 dicebatur)
888 2027 947 2073 lunc
959 2022 1054 2089 diguus
1065 2024 1156 2074 amari.

429 2139 524 2217 Quod
554 2153 660 2204 autem
695 2163 780 2203 nunc
810 2139 945 2218 declino,
972 2139 1030 2204 tibi
1063 2140 1298 2226 imputandum,
1325 2140 1382 2226 qui

427 2240 538 2303 faciem
567 2262 709 2326 personae
732 2238 910 2313 attendens,
932 2258 1069 2300 amorem
1093 2260 1210 2301 novum
1236 2238 1383 2301 amicitiae

429 2339 527 2404 veteri
550 2339 730 2425 praetulisti.
777 2338 859 2401 Nam
879 2340 967 2422 quod
989 2338 1030 2401 ad
1052 2360 1113 2414 me,
1130 2337 1212 2401 idem
1236 2362 1305 2401 sum
1326 2337 1383 2424 qui

427 2440 564 2517 fueram,
578 2438 724 2525 possideo
740 2435 813 2524 plus
835 2460 930 2523 quam
947 2460 1004 2500 nos
1025 2437 1091 2502 duo
1108 2437 1241 2501 Pruvini
1265 2438 1383 2503 habue-

427 2542 540 2605 rimus.
557 2543 661 2605 Canto
670 2539 800 2625 quidem
811 2561 873 2601 non
884 2537 1024 2602 deterius
1034 2539 1138 2617 solito,
1147 2554 1179 2604 et
1191 2540 1384 2605 dissimiliter

430 2640 718 2705 saresberiensibus
733 2638 854 2716 multis,
870 2642 928 2703 etsi
943 2639 1056 2725 optimi
1072 2653 1215 2703 cantores
1229 2640 1303 2713 sint,

499 2766 558 2819 Nec
569 2784 626 2819 sum
638 2767 704 2819 adeo
715 2766 838 2830 informis,
850 2767 949 2839 pridem
961 2785 1002 2820 me
1013 2768 1040 2819 in
1051 2767 1138 2819 littore
1149 2767 1201 2818 vidi
1215 2766 1321 2822 Pisano·

499 2852 588 2913 Quum
600 2850 728 2923 placidum
741 2853 827 2904 ventis
840 2858 922 2904 staret
934 2869 1013 2904 mare.

429 2963 556 3028 Caetera
574 2960 763 3027 familiarius
785 2965 817 3027 in
838 2986 915 3027 aure
936 2977 968 3027 et
989 2986 1044 3026 ore
1062 2961 1193 3051 judicis,
1207 2966 1259 3029 cui
1274 2965 1382 3031 cadam

358 3074 359 3079 ’
427 3079 484 3127 aut
500 3064 602 3142 stabo,
618 3064 778 3128 revolvam
802 3064 929 3150 plenius
951 3078 983 3128 et
1005 3064 1160 3143 evolvam,
1176 3083 1209 3133 et
1231 3081 1265 3132 ut
1280 3067 1382 3153 ipsius

427 3164 568 3229 dictante
589 3167 745 3230 sententia
766 3165 865 3228 amice
886 3165 1016 3227 licenter
1038 3168 1229 3251 scripserim,
1246 3182 1278 3231 et
1301 3162 1383 3251 seip-

428 3290 498 3332 sum
508 3266 776 3355 qualemcumque
786 3266 973 3329 sententiam
986 3265 1130 3344 sentiam,
1139 3267 1383 3354 appellationem

432 3391 534 3433 meam
550 3369 659 3434 audiet
675 3368 793 3445 nullus,
806 3368 861 3433 sed
876 3366 979 3431 modis
990 3366 1137 3432 omnibus
1151 3393 1278 3456 operam
1291 3372 1387 3452 dabo,

430 3485 466 3535 ut
482 3484 604 3558 partem
620 3494 750 3558 gravem
765 3470 956 3556 oppositam,
972 3481 1140 3555 antequam
1157 3473 1198 3536 ab
1213 3474 1257 3537 eis
1272 3498 1385 3559 grave·

429 3573 518 3649 mini,
533 3575 699 3661 appellem.
734 3577 1002 3658 Quantacumque
1021 3571 1061 3636 sit
1076 3575 1250 3650 concussio,
1266 3599 1384 3663 nequa-

429 3696 526 3757 quam
541 3699 579 3737 ex
604 3676 768 3761 proposito
783 3700 853 3740 meo
869 3672 908 3738 ad
930 3698 1022 3739 aures
1036 3677 1179 3740 extranei
1195 3680 1385 3763 perferetur.

431 3772 526 3848 Quod
542 3772 567 3836 si
590 3774 755 3838 Walterus
769 3776 880 3840 adesse
902 3776 1092 3862 nequiverit,
1108 3800 1168 3862 ego
1189 3801 1261 3843 eum
1278 3794 1384 3844 tecum

430 3869 523 3934 facile
552 3872 661 3935 abesse
695 3875 898 3949 consentiam,
929 3875 990 3939 nisi
1025 3891 1131 3963 partes
1166 3880 1383 3963 suffragatoris

429 3972 560 4060 implere
576 3973 731 4037 maluerit.
761 3973 901 4038 Salutem
917 3998 993 4060 ergo
1009 3978 1136 4057 habeas,
1152 3994 1185 4044 et
1200 4003 1251 4043 me
1265 3981 1384 4067 ipsum,

429 4089 461 4139 et
485 4074 572 4159 quod
590 4073 727 4139 volueris
748 4074 920 4140 rescribas:
951 4076 996 4141 ita
1018 4091 1122 4142 tamen
1146 4094 1182 4143 ut
1205 4082 1383 4145 autminus

430 4190 573 4262 acceptes
594 4176 748 4252 oblatum,
764 4191 821 4241 aut
841 4176 989 4258 electum,
1004 4180 1081 4244 dum
1103 4193 1138 4245 tu
1158 4181 1253 4259 absis,
1270 4183 1383 4248 subeat

431 4276 558 4342 devotio
572 4301 642 4342 mea
653 4276 822 4364 judicium.
