3300 6434
407 1211 447 1268 70
663 1224 799 1269 roanrus
815 1223 1095 1270 sanusneurnrsrs
1260 1210 1307 1283 [a.
1326 1228 1356 1271 o.

406 1374 551 1440 vertitur.
608 1380 650 1440 At
674 1374 804 1459 justitia
830 1373 960 1438 Domini
990 1374 1021 1437 in
1053 1387 1207 1439 aeternum
1233 1375 1363 1462 justitia

406 1490 465 1540 est.
506 1476 637 1542 Interim
654 1476 754 1539 donec
770 1474 928 1539 illuminet
943 1474 1129 1541 abscondita
1144 1477 1360 1553 tenebrarum,

406 1577 601 1642 invocandus
615 1590 663 1642 est
678 1590 709 1642 et
732 1577 906 1661 rogandus,
922 1590 959 1641 ut
982 1577 1151 1643 manifesto
1164 1578 1360 1645 demonstrat

402 1679 537 1765 judicio,
549 1702 642 1765 quem
655 1680 726 1765 ipse
738 1677 901 1761 praeelegit
913 1678 1054 1764 accipere
1066 1693 1181 1744 sortem
1194 1681 1360 1745 ministerii

409 1781 515 1867 hujus.
572 1777 604 1843 Si
632 1794 736 1845 tamen
762 1778 844 1843 nihil
873 1792 921 1843 est
947 1780 1035 1865 quod
1061 1782 1233 1865 quaestioni
1263 1782 1359 1846 faciat

408 1880 525 1959 locum,
539 1894 596 1945 ant
618 1880 767 1945 dubitare
791 1878 954 1965 permittat
976 1879 1025 1943 vel
1047 1881 1272 1949 Academicum
1295 1883 1361 1947 fere

407 1979 448 2044 ad
460 1980 566 2043 omnia
578 1984 796 2055 fluctuantem,
807 2002 907 2065 quum
918 2002 1036 2047 norum
1049 2004 1107 2067 par
1118 1982 1362 2064 decertantium,

407 2082 440 2145 in
456 2082 598 2145 omnium
614 2080 807 2145 intuentium
820 2093 983 2165 stuporem
1000 2082 1139 2146 Domino
1154 2086 1360 2168 permittente

408 2182 604 2268 processerit,
621 2181 695 2247 hinc
710 2194 778 2245 tota
792 2191 895 2245 stante
910 2181 1064 2255 Ecclesia,
1080 2183 1154 2248 inde
1169 2182 1242 2249 solis
1257 2184 1360 2249 tribus

407 2283 541 2367 flagellis
570 2282 764 2358 arundineis,
789 2282 821 2346 in
853 2306 896 2359 se,
923 2282 1001 2347 dum
1033 2284 1175 2348 scindere
1206 2284 1360 2350 unitatem

409 2383 598 2462 moliuntur,
612 2382 752 2447 divinam
769 2383 1016 2465 provocantibus
1033 2383 1196 2449 ultionem.
1242 2386 1275 2450 Si
1290 2408 1361 2472 per-

409 2506 516 2549 sonam
529 2505 671 2569 personae
681 2482 835 2559 conferas,
848 2482 927 2547 alter
942 2483 1101 2549 litteratus
1116 2506 1175 2565 est,
1186 2486 1360 2564 modestus,

410 2583 548 2660 humilis,
556 2584 693 2671 justitia
703 2584 839 2650 zelator:
861 2588 941 2650 alter
953 2584 1049 2651 solam
1061 2609 1184 2672 semper
1195 2587 1361 2671 amplexus

410 2699 457 2751 est
483 2686 675 2751 vanitatem:
714 2685 740 2750 si
768 2707 895 2750 causam
925 2707 1042 2764 causae,
1067 2687 1149 2751 alter
1173 2687 1303 2771 ingessit
1329 2712 1362 2752 se

409 2801 560 2873 tanquam
575 2787 629 2851 fur
644 2799 676 2850 et
695 2784 777 2849 latro
800 2809 897 2851 manu
912 2786 1062 2865 violenta,
1078 2788 1246 2875 exquisitis
1267 2788 1360 2864 dolis,

409 2912 525 2975 sponso
540 2887 735 2972 indignante,
752 2890 784 2952 in
800 2907 926 2972 spousae
948 2891 1116 2972 amplexus
1137 2889 1249 2955 irruit:
1281 2889 1361 2955 alter

408 3003 495 3055 casto
506 2988 629 3073 pudore
639 2989 783 3054 substitit
792 3002 964 3073 antequam
974 2990 1361 3077 introducereturaspon-

410 3114 455 3156 sa.
499 3090 596 3154 Unde
618 3090 790 3153 verendum
806 3110 846 3152 ne
863 3102 926 3154 tam
944 3089 1103 3155 manifesti
1119 3092 1243 3156 sceleris
1262 3092 1362 3158 dilata

410 3189 573 3256 damnatio
583 3211 676 3252 suum
687 3185 848 3252 schismati
858 3187 1005 3253 videatur
1014 3189 1155 3274 praebere
1165 3211 1361 3255 consensum.

453 3290 543 3355 Licet
566 3288 714 3352 dominus
731 3287 968 3352 Cantuariensis
987 3288 1139 3372 languore
1160 3288 1358 3373 gravissimo,

409 3405 447 3457 ut
462 3390 557 3468 nosti,
568 3400 725 3462 teneatur,
739 3388 838 3473 hujus
854 3402 958 3454 tamen
974 3391 1160 3455 necessitate
1177 3388 1276 3466 verbi,
1288 3413 1360 3455 con·

410 3490 530 3557 vocatis
544 3489 702 3575 episcopis
712 3502 744 3554 et
759 3488 846 3556 clero
862 3488 960 3554 totius
975 3489 1077 3573 regni,
1090 3488 1272 3556 Loudinum
1288 3513 1361 3577 pro-

409 3604 511 3677 perat,
527 3601 565 3655 ut
579 3592 714 3656 fratrum
730 3603 904 3654 convocato
921 3588 1065 3667 coneilio,
1081 3589 1160 3675 quid
1179 3589 1264 3654 facto
1278 3613 1361 3676 opus

411 3694 463 3768 sit,
478 3691 606 3755 domino
621 3692 688 3776 regi
710 3714 784 3758 eum
799 3692 976 3758 consulenti
998 3690 1164 3777 significet.
1208 3690 1359 3758 'limaba-

411 3815 483 3860 mus
498 3815 537 3858 ne
549 3815 587 3857 ex
600 3815 695 3858 causa
708 3792 831 3858 itineris
845 3793 983 3878 amplius
997 3808 1203 3878 gravaretur:
1227 3794 1362 3880 ideoque

411 3892 574 3958 Acardum
588 3906 727 3958 vestrum
743 3914 800 3977 per
815 3890 938 3976 aliquot
949 3890 1017 3955 dies
1028 3892 1150 3959 detinui
1163 3896 1361 3972 renitentem,

411 4007 447 4060 ut
471 3994 511 4058 de
533 4006 620 4059 statu
642 3991 783 4068 Domini,
799 3989 869 4076 ipso
884 3989 1040 4055 referente
1055 4014 1129 4075 quae
1145 3992 1279 4070 viderat,
1295 4018 1361 4059 cer-

411 4094 519 4161 tiorari
550 4097 662 4180 possis.
720 4094 772 4156 Ex
802 4114 869 4176 quo
898 4103 1003 4155 autem
1034 4091 1179 4159 lecticam
1209 4093 1362 4173 ascendit,

411 4198 613 4282 aliquatenus
629 4194 757 4257 videtur
777 4192 988 4267 confortatus,
1003 4188 1077 4256 licet
1101 4191 1207 4256 adhuc
1229 4191 1362 4257 nimium

410 4300 579 4364 infestetur
589 4321 608 4380 ²,
621 4294 855 4381 aliquantulum
871 4293 1034 4358 interdum
1052 4293 1175 4377 quievit
1191 4290 1315 4358 vomica
1330 4306 1361 4362 er

410 4414 522 4489 sponte
537 4397 688 4475 naturali,
700 4396 851 4483 purgatio
866 4410 1042 4481 reparatur.
1087 4394 1318 4461 Wiutoniensis
1329 4410 1361 4462 et

411 4500 647 4575 Dunelmensis,
666 4512 701 4563 ut
721 4500 822 4578 aiunt,
838 4499 864 4562 si
883 4499 1058 4563 Octaviano
1080 4497 1184 4583 palam
1207 4497 1361 4562 auderent

411 4626 469 4685 pro
485 4616 559 4665 voto
575 4601 754 4685 suffragari,
769 4600 903 4665 libenter
919 4600 1068 4663 cederent
1082 4598 1114 4662 in
1134 4613 1257 4683 partem
1272 4599 1359 4683 ejus:

410 4715 560 4767 econtra
582 4701 802 4776 Eboracensis,
825 4716 856 4765 et
885 4701 1102 4764 thesaurarius
1125 4715 1230 4765 noster
1252 4700 1361 4763 fovent

409 4802 484 4868 totis
499 4801 619 4864 viribus
636 4799 869 4878 Alexandrum,
885 4823 947 4864 non
968 4814 1072 4867 tamen
1097 4799 1154 4865 soli
1178 4813 1263 4875 sunt,
1279 4820 1360 4882 quo-
