3300 6434
355 1202 415 1261 lta
605 1223 740 1268 scaurus
756 1225 1035 1274 saausaaaraus1s
1208 1212 1253 1294 [r.
1272 1232 1303 1277 u.

351 1368 383 1430 in
401 1370 549 1451 Domino,
571 1372 803 1440 fraternitatem
827 1391 962 1441 vestram
985 1378 1025 1441 ad
1048 1380 1177 1464 propria
1198 1380 1302 1444 redire

353 1472 544 1550 monuimus,
567 1480 696 1541 omnino
719 1499 781 1540 non
811 1477 976 1541 credentes
998 1477 1155 1543 honestati
1178 1496 1301 1562 vestrae,

350 1583 408 1635 aut
422 1573 561 1638 ecclesioe
574 1577 706 1642 utilitati
722 1579 823 1662 magis
834 1578 955 1663 aliquid
972 1580 1132 1664 expedire.
1155 1583 1203 1646 Ut
1218 1583 1300 1646 enim

348 1686 463 1738 caetera
492 1689 660 1758 taceamus,
690 1703 763 1763 quae
793 1679 923 1764 longum
946 1693 993 1744 est
1016 1705 1135 1755 enarre,
1159 1684 1301 1769 profecto

350 1796 474 1839 morum
487 1778 578 1843 ruina
591 1780 682 1865 longe
692 1782 900 1846 miserabilior
908 1795 967 1857 est,
978 1805 1073 1868 quam
1088 1807 1298 1850 nummorum.

350 1877 418 1940 Nec
449 1892 496 1943 est
521 1879 560 1942 de
584 1882 805 1967 temporalium
836 1882 1001 1945 amissione
1030 1884 1214 1963 dolendum,
1244 1889 1299 1952 ubi

349 1977 550 2065 dispendium
568 1982 742 2049 incurritur
757 1997 958 2049 aeternorum.
1003 1988 1150 2050 Duorum
1164 2011 1301 2075 namque

349 2079 495 2146 dolorum
503 2083 587 2148 circa
595 2084 730 2148 eundem
742 2084 882 2148 animum
892 2084 1141 2170 majordenigrat
1153 2090 1299 2154 alterum.

347 2182 441 2247 Absit
463 2198 572 2249 autem
605 2200 639 2249 ut
663 2185 779 2269 aliquis
800 2185 841 2249 de
864 2197 968 2248 vestra
990 2186 1161 2272 prudentia
1183 2189 1300 2255 audeat

347 2285 508 2369 suspicari,
521 2287 608 2372 quod
625 2287 774 2352 vilissima
790 2310 907 2359 rerum,
923 2311 1000 2375 opes
1015 2288 1143 2369 scilicet,
1157 2292 1298 2355 animum

349 2396 487 2448 vestrum
510 2402 656 2450 moveant
675 2387 728 2451 ubi
746 2387 923 2472 periculum
947 2387 1089 2453 imminet
1112 2393 1299 2454 animarum.

347 2484 441 2549 Absit
464 2497 500 2550 ut
530 2485 649 2548 invidia
677 2486 810 2571 antiquo
832 2507 890 2549 suo
914 2487 1003 2583 vobis
1025 2487 1123 2572 possit
1146 2488 1299 2553 insultare

347 2585 517 2670 proverbio
532 2585 651 2663 dicens,

638 2704 705 2773 quod
718 2704 809 2767 defles,
819 2704 883 2757 illud
896 2708 1000 2759 amasti.

348 2810 459 2872 Unum
473 2832 490 2871 e
502 2807 630 2873 duobus
645 2808 764 2893 eligite,
781 2822 837 2872 aut
855 2808 920 2874 litis
935 2809 1101 2874 discrimen
1119 2809 1226 2886 vultis,
1241 2823 1298 2875 aut

346 2934 466 2997 pacem.
512 2914 545 2976 Si
577 2911 642 2976 litis
665 2912 819 2975 incertum
848 2912 1017 2998 proel'ertis,
1047 2912 1202 2977 advertite
1224 2916 1299 2998 quia

347 3014 427 3079 nibil
444 3014 568 3099 turpius
583 3029 630 3078 est
651 3036 745 3099 quarn
763 3013 829 3079 suis
844 3015 939 3078 armis
954 3015 1144 3100 expugnari,
1161 3028 1191 3078 et
1208 3017 1298 3100 quasi

346 3136 496 3178 mucrone
511 3114 640 3201 proprio
658 3113 812 3199 jugulari.
858 3114 891 3179 Si
915 3137 1037 3199 pacem,
1053 3115 1165 3188 redite,
1187 3130 1217 3179 et
1234 3137 1298 3200 pax

343 3231 410 3281 eat:
435 3215 488 3281 sed
510 3216 639 3294 timetis,
668 3230 700 3279 et
722 3214 851 3300 quidem
876 3216 931 3278 ubi
954 3238 1016 3278 non
1039 3228 1086 3279 est
1109 3216 1297 3281 timendum.

344 3318 530 3404 Numquam
549 3316 632 3379 enim
654 3315 739 3379 venit
763 3316 794 3378 in
815 3327 952 3379 mentem
969 3316 1157 3379 serenissimi
1176 3315 1295 3379 domini

345 3420 443 3484 nostri
467 3420 550 3504 regis
567 3434 603 3483 ut
623 3416 833 3482 innocentiam
856 3420 942 3493 vitai,
960 3415 1174 3501 integritatem
1190 3417 1296 3498 famae,

343 3521 477 3606 gloriam
492 3521 592 3605 regni,
609 3533 698 3584 tanto
713 3519 896 3604 deturparet
911 3519 1096 3604 opprobrio,
1112 3533 1148 3583 ut
1167 3542 1296 3582 manum

343 3634 486 3685 suamet
510 3644 711 3707 quacumque
733 3644 829 3685 causa
858 3620 1043 3685 extenderet
1068 3620 1098 3683 in
1131 3621 1294 3684 Christum

342 3722 486 3795 Domini,
507 3720 555 3781 vel
578 3719 717 3805 aliquam
739 3723 964 3786 contumeliam
981 3746 999 3785 a
1015 3746 1219 3809 quocumque
1242 3745 1298 3808 pa-

343 3835 465 3885 teretur
487 3819 607 3883 inferri.
653 3825 690 3884 ln
707 3844 744 3882 eo
757 3822 913 3907 siquidem
928 3824 1100 3906 plurimum
1118 3841 1225 3889 motus
1237 3840 1294 3898 est,

342 3923 429 4012 quod
445 3920 635 3985 conductum
653 3934 760 4004 petere
776 3924 985 3984 necessarium
1005 3924 1179 4003 credidisti,
1193 3947 1294 4008 quum

341 4026 496 4091 neminem
513 4043 620 4084 eorum
639 4042 780 4105 unquam
797 4019 924 4092 laeserit,
936 4034 1206 4105 quantaecumque
1224 4045 1298 4106 pro-

340 4126 489 4192 cesserint
512 4122 696 4197 inimicitiae,
718 4122 777 4208 qui
792 4121 832 4186 ad
855 4145 887 4184 se
907 4120 1064 4184 veniebat.
1110 4122 1195 4197 Quid
1220 4145 1296 4206 ergo

342 4229 516 4306 timebatiS,
531 4248 629 4310 quum
647 4248 704 4287 vos
723 4247 796 4300 stra,
811 4237 843 4287 et
859 4221 999 4286 omnium
1017 4236 1159 4284 nostrum
1176 4246 1251 4285 voce
1266 4237 1298 4287 et

341 4332 456 4395 litteris
466 4330 646 4391 revocaret?
664 4325 727 4390 Sed
746 4348 802 4388 vos
815 4322 1002 4388 mandatum
1014 4323 1134 4387 domini
1150 4344 1253 4408 papae,
1265 4338 1297 4388 et

342 4429 596 4495 Cluniacensium
621 4441 798 4491 vestrorum
827 4425 995 4490 necessitas
1018 4424 1152 4488 detinet.
1196 4427 1297 4488 Porro

340 4545 372 4595 et
387 4532 455 4616 ipse
478 4530 625 4593 dominus
641 4550 723 4613 papa
744 4527 861 4590 reditui
885 4540 989 4589 vestro
1009 4524 1296 4609 congratulabitur,

339 4636 448 4696 nolens
468 4632 652 4695 mandatum
674 4630 756 4694 illud
783 4627 915 4693 utilitati
935 4644 1049 4692 vestrae
1071 4627 1291 4713 praejudicium

339 4734 452 4807 facere,
469 4748 499 4796 et
518 4754 683 4817 personam
700 4745 836 4793 vestram
855 4730 1071 4792 Wintoniensi
1086 4741 1118 4791 et
1135 4726 1297 4790 Glastoni·

331 4833 405 4926 'ensi
418 4832 562 4906 ecclesiis,
580 4831 651 4915 plus
660 4852 756 4916 quam
765 4830 964 4894 Cluniacensi
977 4851 1037 4891 non
1047 4827 1207 4911 ambigitis
1219 4825 1296 4888 obli·
