3300 6434
344 1156 434 1218 1167.
438 1155 451 1236 J
725 1169 907 1217 11111111.
1228 1159 1295 1219 sle

341 1324 440 1404 sinus,
469 1330 503 1387 et
534 1324 657 1389 alectus
690 1321 933 1405 Hipporiensis,
963 1324 1163 1405 postulantes
1195 1346 1293 1391 unam

341 1426 479 1491 filiarum
494 1424 578 1507 regis
599 1424 667 1487 filio
688 1423 901 1500 Marchionis,
915 1423 1172 1489 constantissime
1186 1447 1295 1510 repro·

342 1529 516 1605 mittentes,
527 1527 604 1611 quia
614 1526 878 1593 Cantuariensem
890 1526 1164 1610 archiepiscopum
1177 1529 1296 1613 deponi

341 1630 462 1697 1111111
487 1628 564 1695 dum
587 1629 685 1693 modo
714 1627 813 1693 filiam
839 1628 973 1713 petitam
999 1629 1176 1694 obtineant.
1221 1631 1296 1701 aex

343 1732 403 1796 sub
418 1731 479 1794 hac
494 1749 552 1813 spe
566 1729 684 1795 dnexit
703 1728 835 1796 nuntios
856 1749 933 1793 suos
952 1750 1027 1795 cum
1046 1730 1299 1808 1111111111111

344 1830 468 1894 scilicet
490 1830 619 1909 (lumin,
642 1831 684 1894 R.
708 1828 748 1893 de
775 1829 997 1909 Tamewurda,
1017 1843 1051 1895 11
1072 1832 1232 1898 loannem
1255 1833 1296 1901 de

345 1930 541 2010 Oxenesord,
555 1933 587 1994 in
604 1953 701 2016 quem
715 1931 929 2016 depositionis
945 1954 965 2000 a
979 1932 1140 1999 decanam
1160 1944 1210 2001 est
1231 1935 1298 2001 lata

346 2033 513 2110 sententia,
534 2041 567 2097 11
588 2033 703 2098 summi
726 2031 893 2117 pontificis
912 2035 1101 2101 auctoritate
1122 2042 1155 2099 et
1178 2034 1297 2121 scripto

344 2135 500 2197 roborata.
545 2132 707 2218 Scriptum
730 2155 805 2201 vero
832 2144 881 2199 est
907 2156 1005 2218 penes
1036 2135 1298 2203 Cantuariensem

346 2235 624 2319 archiepiscopum
639 2237 807 2319 primatem
816 2236 956 2319 Angliae,
967 2249 999 2301 et
1012 2238 1197 2321 apostolice
1213 2236 1299 2303 sedis

345 2339 498 2420 legatum,
510 2335 603 2421 cujus
613 2337 816 2415 sententiam,
828 2358 925 2421 quam
935 2338 1053 2403 tulitin
1065 2337 1303 2423 depraedatores

348 2437 588 2503 cantuariensis
603 2439 761 2515 ecclesiae,
774 2450 807 2503 et
820 2440 905 2520 regis
925 2440 1136 2518 consiliarios,
1149 2439 1303 2505 dominus

347 2558 433 2621 papa
454 2549 555 2601 111111
582 2538 695 2602 habuit
716 2550 749 2603 et
773 2540 983 2616 confirmavit,
1010 2551 1042 2603 11
1071 2541 1112 2603 ab
1138 2542 1300 2626 episcopis

348 2638 527 2702 cismarinis
553 2648 586 2700 et
610 2641 828 2704 transmarinis
859 2642 1014 2725 praecepit
1042 2643 1213 2709 observari.
1257 2643 1304 2709 Ei

347 2761 486 2824 namque
503 2751 535 2804 et
548 2742 666 2822 legatio
682 2742 758 2807 data
772 2753 834 2820 est,
848 2755 881 2808 et
895 2744 1048 2827 primatus
1062 2744 1161 2810 totius
1174 2744 1301 2826 Angliae

349 2841 566 2905 confirmatus.
621 2843 760 2928 Scripsit
787 2865 884 2929 super
915 2845 986 2909 haec
1020 2845 1243 2911 Londonienai
1271 2856 1304 2911 11

349 2943 441 3006 vobis
464 2943 626 3020 omnibus,
656 2953 689 3007 et
714 2944 812 3007 credo
839 2943 925 3028 quod
949 2944 1034 3007 idern
1063 2945 1304 3011 londoniensis

344 3043 415 3126 jam
437 3044 558 3127 recapit
579 3043 699 3107 litteras
720 3044 893 3128 legationis
912 3043 1002 3109 vobis
1024 3044 1175 3109 omnibus
1196 3053 1304 3112 osten·

349 3143 483 3208 dendus.

394 3246 551 3310 Praeterea
562 3257 754 3312 memoratus
766 3246 1027 3331 archiepiscopus
1041 3259 1075 3312 11
1087 3249 1211 3329 legatus
1225 3267 1305 3331 apo-

351 3350 467 3415 stolica
480 3350 667 3414 auctoritate
680 3350 973 3414 excommunicarit
986 3361 1019 3417 11
1033 3348 1307 3415 excommunicari

346 3451 444 3537 jussit
461 3471 573 3514 omnes
596 3451 652 3535 qui
673 3460 785 3533 portua
808 3452 988 3526 observant,
1009 3462 1044 3514 ut
1057 3449 1236 3534 impediant
1249 3470 1306 3532 ap-

352 3554 511 3636 pellantes
525 3553 574 3614 111
593 3551 781 3634 appellatos,
797 3560 851 3616 aut
873 3572 916 3615 ex
936 3552 992 3635 pia
1009 3552 1188 3617 devotionis
1209 3573 1308 3617 caasa

353 3649 523 3714 tendentes
545 3648 585 3713 111
608 3652 825 3734 apostolorum
848 3651 971 3731 limina,
985 3655 1037 3716 vel
1059 3651 1100 3716 ad
1122 3653 1229 3736 ipsum
1251 3652 1307 3736 qni

355 3751 443 3814 vices
463 3749 656 3832 apostolicas
678 3749 776 3815 habet
798 3762 831 3815 et
852 3752 927 3834 agit.
971 3753 1128 3837 Praecepit
1149 3753 1256 3830 etiam,
1272 3762 1309 3817 ut

355 3851 440 3914 hanc
453 3847 643 3915 sententiam
659 3850 729 3935 ejus
740 3852 860 3916 saciant
874 3875 986 3919 omnes
1001 3853 1147 3938 episcopi
1160 3876 1218 3939 per
1232 3874 1307 3919 suas

356 3952 502 4016 dioceses
517 3952 682 4036 publicari.
720 3954 813 4020 Licet
823 3967 929 4019 autem
945 3957 1309 4041 appellationemquam

356 4053 508 4118 adversus
530 4075 603 4119 eum
626 4056 770 4122 fecerunt
791 4058 947 4142 episcopi,
967 4058 1085 4122 nullius
1107 4056 1218 4120 credat
1238 4075 1309 4121 esse

359 4157 528 4220 momenti:
551 4169 658 4221 tamen
676 4160 855 4241 oportebat,
870 4159 975 4245 utqui
997 4181 1068 4224 eam
1087 4159 1211 4244 aliquas
1225 4157 1310 4221 virsa

358 4259 477 4323 habere
501 4258 682 4342 opinantur,
702 4270 813 4342 utpote
833 4281 904 4334 rex,
921 4261 1077 4345 episcopi,
1098 4271 1132 4325 11
1150 4280 1310 4344 proceres,

359 4370 516 4441 ponentes
538 4360 742 4443 prudentiam
764 4363 869 4426 carnis
890 4364 1057 4429 brachium
1080 4384 1186 4437 suum,
1202 4360 1311 4429 omnia

360 4460 403 4524 ad
426 4460 705 4547 archiepiscopum
726 4464 928 4546 pertinentia,
942 4465 976 4530 in
998 4464 1112 4530 eodem
1135 4474 1220 4530 statu
1242 4486 1310 4531 1111

361 4562 597 4645 permitterent,
621 4563 698 4647 quia
711 4565 792 4629 nihil
812 4565 957 4630 innovari
977 4566 1074 4632 debet
1093 4567 1309 4651 appellatione

360 4662 535 4746 pendente.
579 4664 696 4729 Postea
709 4687 783 4729 vero
806 4665 846 4730 dc
868 4667 1020 4732 mandato
1036 4669 1121 4750 regis
1133 4679 1248 4753 captus
1262 4681 1311 4739 111

362 4766 547 4831 Willelmus
576 4768 780 4850 capellanus,¹
799 4778 834 4833 et
863 4769 916 4835 alii
945 4771 1064 4850 clerici,
1089 4781 1126 4836 ut
1150 4771 1190 4837 de
1219 4772 1311 4842 laicis
