3300 6434
355 1224 419 1285 214
623 1235 759 1281 scaurus
773 1234 1049 1280 marsaaarassrs
1213 1214 1258 1296 [a.
1275 1236 1308 1280 u.

357 1388 424 1463 tus,
444 1389 481 1450 in
503 1387 603 1451 medio
624 1389 695 1468 <jus
715 1388 941 1469 suspendimus
961 1407 1084 1471 orpano
1106 1397 1229 1453 nostro.
1251 1392 1307 1467 85⁰·

356 1493 403 1555 Et
423 1493 464 1554 ab
488 1491 547 1555 bac
575 1492 706 1576 quidem
728 1487 890 1576 opinione,
913 1492 1039 1573 vulgata
1060 1512 1126 1554 non
1149 1492 1306 1569 dissentit,

356 1594 440 1657 sicut
450 1592 594 1655 Isidorus
604 1602 779 1656 attestatur.
817 1591 920 1656 Iidem
932 1592 1097 1675 propbetae
1109 1593 1306 1676 scripserunt

354 1691 535 1757 Danielem.
580 1694 664 1755 Nam
687 1693 803 1756 Daniel
817 1703 849 1756 et
866 1703 996 1776 propter
1017 1714 1158 1768 causam,
1174 1715 1247 1777 quae
1269 1694 1303 1757 in

354 1794 530 1858 Ezechiele
546 1791 670 1857 reddita
688 1804 747 1870 est,
764 1815 798 1857 se
819 1815 839 1857 a
861 1790 1094 1876 scriptitatione
1116 1795 1301 1878 suspendit:

355 1910 388 1961 et
417 1896 493 1980 quia
520 1896 773 1981 praepediebatur
796 1896 1123 1961 administrationibus
1152 1898 1301 1981 publicis.

354 1998 456 2063 Iidem
473 2019 602 2083 quoque
617 2010 680 2062 tres
701 1999 877 2082 prophetae,
892 2009 924 2063 et
945 1999 1171 2062 conscholares
1192 2021 1301 2063 eorum

353 2102 609 2185 conscripserunt
636 2102 753 2164 librum
782 2101 887 2180 Ester,
913 2120 1009 2186 quem
1038 2102 1166 2183 vulgata
1190 2102 1302 2185 opinio

353 2204 394 2266 ab
424 2203 532 2266 Esdra
559 2202 771 2286 compositum
800 2204 922 2281 asserit,
946 2204 1063 2266 librum
1092 2225 1221 2287 quoquo
1251 2223 1301 2267 xu

353 2304 593 2388 Prophetarum,
618 2326 712 2388 quem
739 2305 852 2387 tulgus
881 2307 921 2368 ab
947 2305 1025 2389 ipsis
1054 2303 1102 2367 xii
1130 2304 1301 2388 Prophetis

352 2406 564 2489 compositum
575 2416 672 2470 tenet.
695 2406 852 2470 Praefatus
860 2415 966 2471 aarum
974 2406 1069 2472 Philo
1079 2428 1152 2469 cum
1165 2427 1301 2490 sequen·

352 2505 440 2569 tibus
462 2507 529 2570 suis
551 2508 695 2590 superius
716 2506 900 2585 nominatis,
922 2519 1113 2571 memoratos
1135 2519 1198 2572 tres
1221 2509 1300 2573 Pro·

351 2609 464 2693 phetas
486 2607 583 2691 hujus
606 2608 678 2671 libri
702 2618 735 2670 et
757 2608 1019 2690 praecedentium,
1042 2620 1077 2672 ut
1099 2610 1299 2688 dictumest,

349 2709 460 2775 laudat
474 2720 628 2774 auctores.
673 2710 756 2782 Quia
770 2709 855 2773 enim
871 2712 983 2773 breves
998 2725 1087 2774 erant
1101 2712 1297 2792 singulorum

349 2813 499 2889 visiones,
520 2811 596 2877 satis
618 2811 717 2873 risum
740 2829 789 2874 est
809 2812 889 2895 ipsis
910 2814 1085 2898 prophetis,
1107 2834 1161 2876 eas
1182 2813 1297 2897 praedi·

350 2914 455 2978 cando
469 2914 645 2997 publicare,
660 2924 692 2977 et
713 2913 759 2977 sic
775 2914 846 2977 aliis
868 2913 1060 2977 demandare
1077 2915 1296 2999 scriptoribus,

348 3016 524 3100 praesertim
550 3037 648 3100 quum
678 3015 807 3099 quidam
836 3037 944 3079 eornm
974 3017 1085 3081 rustici
1114 3017 1241 3097 fuerint,
1267 3030 1300 3082 et

348 3130 503 3201 pastores,
519 3130 573 3180 aut
588 3117 660 3180 aliis
675 3118 790 3181 officiis
805 3118 918 3193 dediti,
929 3118 1102 3182 litterarum
1118 3120 1215 3182 luisse
1231 3141 1298 3182 cre·

347 3220 463 3284 dantur
477 3218 587 3300 ignari.
620 3219 753 3282 Librum
769 3220 967 3282 Psalmornm
984 3221 1166 3301 composuit
1180 3220 1297 3298 David,

346 3333 439 3386 utens
454 3319 613 3383 interdum
627 3319 803 3382 ministerio
818 3319 967 3396 virorum,
978 3320 1033 3405 qui
1048 3321 1080 3383 in
1097 3322 1295 3406 quorundam

345 3424 543 3487 Psalmorum
559 3419 660 3482 titulis
672 3418 883 3482 ascribuntur.
913 3418 1054 3483 Fuerunt
1068 3432 1174 3482 autem
1189 3420 1222 3481 hi
1239 3419 1295 3482 siri

346 3546 380 3601 x,
401 3525 455 3607 qui
476 3524 554 3587 licet
575 3522 699 3604 aliquos
720 3520 867 3584 Psalmos
888 3521 1137 3603 composuerint,
1152 3521 1240 3604 quod
1263 3530 1296 3584 et

346 3628 485 3707 vulgata,
501 3646 594 3708 quam
612 3624 754 3688 Isidorus
768 3622 875 3697 refert,
891 3643 956 3684 non
973 3636 1069 3704 negat
1083 3625 1204 3707 opinio,
1219 3636 1296 3686 atta·

346 3746 418 3787 men
446 3747 556 3788 omnes
581 3726 700 3790 Psalmi
727 3726 879 3788 dicuntur
903 3745 973 3787 esse
999 3725 1145 3804 Doridis,
1167 3726 1223 3808 qui
1248 3726 1296 3789 eis

346 3846 435 3889 suam
456 3826 711 3889 accommodarit
730 3827 962 3904 auctoritatem,
974 3827 1071 3911 juxta
1089 3827 1176 3911 quod
1195 3828 1294 3892 lusti·

345 3928 459 3991 niauus
475 3926 570 3990 docet
589 3927 621 3989 in
641 3926 765 4004 codice,
779 3926 901 4003 dicens,
919 3928 1035 3991 Omnia
1053 3931 1166 3992 merita
1184 3936 1295 3991 nostra

334 4031 493 4115 jacimus,
519 4028 634 4111 quibus
662 4036 806 4095 nostram
836 4031 1038 4113 impertimur
1062 4032 1293 4104 auctoritatate,

341 4135 418 4215 quia
434 4154 473 4196 ee
488 4133 576 4196 nobis
589 4133 635 4195 eis
648 4133 749 4195 omnis
763 4134 968 4215 impertietur
980 4133 1169 4195 auctoritas
1207 4132 1293 4195 Nam

343 4236 398 4321 qui
414 4257 478 4298 uon
495 4235 651 4298 subtiliter
665 4236 785 4298 sactum
805 4234 965 4311 emendat,
980 4232 1170 4298 laudabilior
1190 4244 1292 4297 osteo

342 4339 398 4422 qui
422 4338 541 4422 primus
563 4336 693 4400 invenit.
737 4336 858 4401 Esdras
882 4336 998 4402 librum
1022 4335 1214 4419 composuit,
1238 4337 1294 4419 qui

341 4451 536 4523 praenotatur
553 4440 594 4503 ab
610 4438 693 4521 ipso,
709 4450 741 4502 et
755 4434 1036 4520 Paralipomenon,
1050 4459 1151 4523 usque
1167 4438 1207 4500 ad
1223 4437 1294 4500 dies

343 4561 426 4603 suos.
465 4540 638 4622 Reliquum
659 4560 732 4601 vero
752 4540 949 4623 scripserunt
963 4540 1189 4624 sapientissimi
1213 4539 1291 4600 fida-

342 4643 414 4705 liter
435 4663 617 4724 synagogae,
633 4664 706 4725 qnae
728 4642 884 4724 templum
904 4642 1108 4706 reaedificavit
1129 4644 1161 4708 iu
1180 4642 1292 4706 Hiero·

343 4744 483 4824 solymis.
529 4744 661 4823 Moyses
687 4743 814 4825 scripsit
839 4744 903 4806 lob
930 4745 1107 4807 secundum
1133 4746 1225 4817 istos,
1251 4744 1292 4806 de

344 4865 407 4926 quo
430 4843 510 4906 nihil
532 4844 663 4906 delinire
685 4844 849 4925 praesumit
871 4847 997 4927 vulgata
1020 4846 1140 4929 opinio,
1162 4847 1238 4915 licet
1259 4846 1291 4906 in
