3300 6434
441 1293 504 1353 229
696 1302 833 1348 roanrns
849 1299 1127 1347 saansaanransrs
1298 1285 1343 1365 [e.
1361 1302 1392 1346 n.

439 1458 587 1522 videntur
611 1458 780 1542 praevalere
803 1454 906 1539 impii,
928 1455 1043 1539 quibus
1067 1455 1101 1517 in
1123 1455 1211 1518 brevi
1234 1454 1392 1533 Christus,

440 1580 536 1642 quem
560 1569 801 1643 persequuntur,
829 1556 876 1619 sic
901 1555 1108 1639 respondebit
1136 1555 1178 1618 ad
1207 1555 1329 1634 merita,
1354 1568 1392 1620 ut

438 1658 683 1743 praeponderare
692 1656 838 1721 videatur
846 1657 924 1720 libra
936 1656 1096 1733 vindicta,
1108 1668 1141 1719 et
1151 1678 1233 1740 quos
1244 1666 1392 1740 potenter

438 1760 559 1844 puniet,
584 1779 647 1822 non
674 1769 740 1821 tam
766 1757 950 1821 examinare
980 1758 1073 1820 lance
1099 1757 1268 1841 aequitatis,
1292 1776 1389 1840 quam

439 1861 533 1925 molis
554 1857 773 1940 magnitudine
794 1877 1003 1941 praegravare.
1049 1858 1125 1921 Non
1147 1856 1276 1940 quidem
1303 1856 1391 1940 quod

437 1960 584 2045 injuriam
611 1961 736 2033 inferat,
767 1959 824 2023 sed
855 1959 930 2042 quia
959 1960 1028 2022 sine
1057 1980 1206 2023 mensura
1235 1970 1267 2023 et
1295 1959 1392 2023 modo

439 2059 653 2147 peccantibus
673 2061 862 2125 immensam
878 2070 911 2123 et
925 2060 1163 2125 immoderatam
1184 2060 1307 2142 ingeret
1321 2083 1390 2145 poe·

437 2186 521 2229 nam.
568 2165 640 2227 Nec
660 2163 809 2245 opinetur
828 2161 988 2246 quispiam
1005 2183 1055 2225 me
1076 2163 1108 2225 in
1129 2163 1228 2243 longa
1247 2174 1393 2246 tempora

436 2267 639 2350 prophetare,
660 2266 737 2328 licet
761 2264 883 2328 oraculi
908 2262 1008 2326 divini
1034 2264 1120 2327 sicut
1140 2264 1322 2341 auctoritas,
1344 2266 1391 2329 sic

437 2374 470 2426 et
485 2364 566 2428 fides
577 2373 792 2446 perpetuetur,
803 2382 903 2445 quum
915 2362 1046 2444 planum
1061 2362 1103 2424 sit
1110 2360 1179 2445 jam
1192 2361 1392 2445 aliquatenus

437 2463 623 2526 inchoatum
652 2460 913 2547 mejudicium,
939 2461 1004 2523 imo
1035 2460 1219 2525 executioni
1245 2461 1390 2525 mandari

439 2562 642 2625 sententiam.

490 2664 609 2726 Nonne
638 2662 836 2726 Teutonicus
864 2673 1031 2745 tyrannus,
1058 2663 1198 2729 nominis
1226 2665 1275 2728 sui
1305 2666 1391 2732 fama

440 2784 544 2847 nuper
573 2763 682 2826 orbem
720 2763 908 2844 perculerat,
937 2775 970 2827 et
999 2765 1065 2829 fere
1100 2767 1266 2849 subegerat
1292 2789 1393 2849 regna

441 2865 557 2941 vicina,
580 2875 612 2928 et
635 2864 731 2928 etiam
757 2864 924 2948 imperium
951 2868 1138 2932 Groecorum
1167 2882 1282 2933 terrore
1311 2890 1391 2934 con-

440 2976 595 3043 cusserat,
605 2977 641 3031 ut
653 2966 754 3048 magis
770 2965 965 3032 deditionem
979 2991 1074 3054 quam
1090 2971 1391 3036 consoederationem
1481 2985 1486 2993 ’

442 3069 655 3153 legationibus
678 3068 783 3132 missis
803 3068 964 3134 videretur
986 3072 1120 3137 offerre?
1149 3074 1207 3137 sed
1226 3095 1303 3139 ecce
1325 3076 1392 3139 Do·

443 3171 531 3233 mino
546 3181 673 3233 auctore
694 3168 821 3231 timetur
839 3168 956 3247 minus,
971 3182 1004 3234 et
1025 3172 1170 3255 quiante
1190 3184 1254 3237 tam
1271 3174 1393 3238 ricinos

442 3291 540 3355 quam
577 3269 806 3332 remotissimos
842 3272 912 3333 solo
947 3284 1027 3336 nutu
1059 3276 1199 3339 terrebat
1234 3276 1394 3360 princeps,

443 3370 640 3436 Teutonicos
659 3389 734 3431 suos
756 3370 797 3432 ab
819 3369 943 3453 injuriis
962 3372 1112 3437 cohibere
1126 3396 1192 3439 non
1206 3386 1323 3459 potest,
1338 3375 1393 3460 qui

443 3473 513 3535 solo
529 3471 625 3534 verbo
639 3489 752 3553 pacem
773 3469 922 3552 gentibus
936 3469 978 3533 ad
992 3473 1155 3537 arbitrium
1171 3475 1345 3550 indicebat,
1361 3485 1394 3539 et

443 3576 547 3653 bella;
573 3594 659 3637 nuno
680 3594 700 3637 a
720 3572 839 3635 suiset
859 3572 944 3635 iuter
966 3593 1041 3638 suos
1063 3577 1172 3660 petitis
1195 3588 1228 3641 et
1250 3578 1392 3660 acceptia

442 3675 563 3755 treugis
585 3675 769 3756 gratulatur.
815 3674 901 3737 Nam
921 3673 1005 3738 sicut
1025 3676 1161 3759 ipsemet
1178 3679 1393 3761 conqueritur,

444 3795 487 3836 ex
502 3796 567 3857 quo
585 3776 739 3837 Latonam
753 3775 848 3853 venit,
864 3786 900 3838 ut
914 3796 1020 3858 regem
1036 3778 1230 3842 Francorum
1246 3793 1278 3842 et
1292 3779 1393 3843 Galli·

445 3892 558 3934 canam
570 3874 740 3935 ecclesiam
756 3887 915 3957 separaret
929 3898 949 3939 a
963 3875 1039 3955 lide,
1047 3889 1080 3942 et
1094 3879 1127 3942 in
1142 3900 1231 3942 suam
1247 3879 1392 3942 haeresim

443 3983 645 4056 perverteret,
657 3985 691 4037 ut
706 3974 874 4039 adorarent
889 3977 1011 4041 idolum
1026 4001 1130 4056 suum,
1140 4001 1308 4045 successus
1324 3981 1393 4064 ejus

442 4075 560 4160 relapsi
577 4086 660 4153 aunt,
675 4085 709 4138 et
728 4096 799 4160 quae
819 4098 892 4140 eum
912 4081 1079 4155 extulerat,
1099 4081 1132 4143 in
1152 4079 1392 4164 depressionem

442 4179 544 4261 ipsius
565 4178 666 4261 coepit
687 4178 815 4242 fortuna
835 4180 1007 4244 fluctuare:
1031 4200 1107 4264 spes
1126 4190 1232 4243 autem
1248 4180 1391 4242 fidelium

442 4293 500 4359 est,
521 4280 605 4365 quod
629 4279 671 4343 ad
692 4281 846 4346 honorem
871 4282 945 4357 Dei,
963 4282 998 4345 in
1016 4282 1105 4346 brevi
1126 4282 1262 4365 amplius
1286 4281 1391 4366 depri-

440 4393 553 4458 metur,
574 4381 677 4445 donec
701 4404 773 4446 eum
795 4384 926 4447 omnino
950 4383 1106 4459 Christus,
1127 4384 1218 4469 cujus
1240 4405 1392 4467 sponsam

441 4483 652 4567 persequitur,
668 4493 814 4546 conterat
830 4486 889 4546 sub
905 4485 1044 4567 pedibus
1059 4487 1134 4550 suis.

485 4587 601 4648 Nonne
613 4595 646 4648 et
656 4585 741 4669 apud
752 4606 808 4649 vos
817 4585 886 4668 jam
896 4585 1055 4672 judicium
1068 4601 1234 4652 exercetur
1244 4587 1394 4650 adversus

440 4695 574 4751 tortores
594 4684 763 4750 ecclesiae?
802 4689 975 4751 Intuemini
1001 4701 1140 4773 quantus
1160 4702 1229 4754 erat
1253 4710 1311 4753 rex
1329 4691 1395 4751 An-

439 4787 572 4867 glorum,
582 4808 680 4871 quum
696 4790 845 4871 parvulus
861 4788 1018 4854 rideretur
1033 4791 1066 4854 in
1082 4791 1186 4856 oculis
1201 4791 1285 4854 suis:
1308 4786 1396 4853 etad

437 4886 606 4950 ecclesiam
630 4888 693 4951 Dei
718 4890 767 4951 rel
787 4889 927 4971 speciem
951 4890 1028 4955 fidei
1052 4903 1084 4955 et
1105 4892 1290 4955 reverentie
1314 4911 1396 4973 pra·
