3300 6434
400 1284 461 1344 140
655 1292 789 1339 roaxnrs
804 1291 1084 1336 sanasaaarnnsrs
1254 1276 1298 1355 [n.
1316 1294 1346 1341 o.

396 1444 560 1527 illustrari,
575 1444 628 1509 aed
645 1443 857 1531 proculdubio
872 1443 975 1527 majus
989 1459 1038 1508 est
1053 1445 1177 1509 eosdem
1190 1446 1346 1510 virtutum

396 1549 499 1615 titulis
521 1546 701 1634 promereri.
735 1545 833 1610 Unde
855 1544 912 1631 qui
936 1546 1066 1610 virtutis
1087 1561 1277 1634 assequutus
1299 1559 1346 1611 est

394 1653 555 1730 meritum,
570 1650 629 1713 etsi
646 1670 748 1713 rernm
772 1647 938 1732 opulentia
955 1646 1002 1709 vel
1018 1647 1121 1712 fastus
1142 1671 1203 1711 non
1219 1649 1349 1712 accedat

394 1749 534 1829 honoris,
549 1747 664 1813 collato
680 1761 786 1811 tamen
802 1746 888 1809 bono
903 1744 999 1809 debet
1014 1769 1080 1811 esse
1097 1762 1284 1812 contentus:
1309 1772 1348 1811 ne

396 1853 423 1917 si
439 1849 634 1938 impatientis
648 1847 846 1913 conscientiae
862 1847 1004 1925 stimulo,
1017 1851 1110 1934 quasi
1125 1849 1250 1936 injuria,
1262 1873 1347 1914 mur-

395 1955 582 2029 muraverit,
599 1951 681 2013 vicio
701 1946 951 2034 ingratitudinis,
968 1949 1028 2013 hoc
1045 1952 1115 2036 ipso
1130 1951 1215 2038 qnod
1234 1952 1348 2017 babere

395 2053 482 2120 visus
504 2066 551 2118 est
574 2077 606 2118 sc
624 2050 734 2115 iecisse
754 2050 900 2114 videatur
921 2050 1098 2135 indignum.
1145 2055 1189 2118 Et
1215 2054 1347 2130 utinam,

292 2154 300 2169 ‘
395 2154 420 2220 si
443 2154 623 2221 studiorum
647 2151 812 2237 praeminm
836 2173 897 2215 non
921 2155 1131 2239 assequimur,
1152 2154 1260 2219 saltem
1285 2179 1347 2219 non

393 2256 606 2322 destituamur
620 2268 651 2318 et
668 2254 789 2318 merito.
836 2254 908 2317 Non
933 2267 1036 2317 tamen
1058 2254 1126 2321 haec
1142 2256 1261 2320 idcirco
1276 2280 1348 2343 pro-

394 2382 490 2446 pono,
515 2356 603 2443 quod
628 2379 648 2419 a
674 2356 755 2419 senis
779 2353 879 2419 nostri
901 2355 1080 2421 eruditione
1107 2358 1260 2435 recedam,
1286 2359 1349 2440 cui,

395 2459 534 2526 Domino
557 2458 704 2535 faciente,
733 2470 800 2521 tota
821 2458 987 2543 vigilantia
1011 2460 1125 2525 mentis
1150 2473 1182 2525 et
1208 2462 1348 2547 corporis

394 2559 679 2647 obtemperandum
696 2583 762 2624 esse
777 2558 925 2623 decrevi:
950 2561 1036 2644 quod
1053 2561 1346 2647 pusillanimitatem

394 2662 525 2749 spiritus
551 2660 713 2737 veremini,
740 2672 772 2723 et
803 2660 949 2722 timorem
977 2660 1096 2724 timetis
1118 2664 1347 2747 suspicionum,

394 2762 570 2850 prudenter
585 2760 715 2845 quidem
730 2760 835 2825 facitis
855 2773 887 2825 et
907 2760 1014 2825 amice.
1064 2764 1135 2826 Non
1151 2767 1233 2828 enim
1251 2767 1346 2828 Pom-

393 2862 476 2951 peio,
503 2875 560 2927 aut
586 2884 623 2925 eo
651 2860 707 2946 qui
734 2860 839 2947 ipsum
865 2859 952 2939 vicit,
979 2865 1091 2948 major,
1116 2878 1172 2929 aut
1197 2866 1348 2951 Augusto

393 2963 594 3052 prudentior,
625 2964 778 3028 Cicerone
815 2975 871 3027 aut
910 2964 1050 3029 Curione
1086 2966 1234 3031 disertior
1264 2991 1346 3045 sum,

393 3066 512 3154 quibus
527 3076 684 3150 quantum
708 3063 893 3149 suspicionis
908 3088 987 3129 aura
1006 3068 1161 3145 nocuerit,
1179 3091 1234 3133 vos
1249 3069 1346 3134 histo-

391 3169 513 3234 riarum
535 3169 631 3232 series
654 3167 729 3232 trita
755 3166 932 3252 perdocuit.
985 3169 1092 3233 Taceo
1116 3172 1204 3256 quod
1232 3174 1347 3237 totiens

393 3270 544 3335 victorem
578 3268 790 3335 Machabeum
822 3282 897 3333 ante
926 3270 1056 3355 fregerit
1091 3272 1345 3358 pusillanimitas,

395 3396 492 3457 quam
509 3373 653 3459 gentium
669 3370 839 3435 fortitudo.
864 3371 961 3436 Unde
972 3386 1106 3451 constat,
1119 3374 1206 3461 quod
1217 3375 1345 3439 illorum

392 3477 548 3564 impetum
563 3498 582 3539 a
599 3496 647 3537 me
667 3472 823 3537 sustinere
846 3496 908 3537 non
932 3487 1056 3560 potero,
1073 3476 1132 3539 nisi
1149 3499 1198 3540 me
1217 3478 1344 3541 interim

392 3578 511 3655 foveat,
520 3578 576 3665 qui
589 3574 730 3663 protegit
742 3575 900 3640 hominem
913 3599 932 3639 a
946 3576 1206 3662 pusillanimitate
1216 3579 1345 3665 spiritus

392 3692 424 3744 et
446 3690 651 3764 tempestate:
683 3677 715 3740 in
741 3676 827 3743 illius
852 3692 961 3743 autem
984 3678 1103 3744 virtute
1128 3703 1190 3744 non
1214 3681 1344 3755 timebo,

392 3780 472 3863 quid
495 3780 636 3844 exterius
659 3778 781 3863 ingerat
804 3780 912 3857 homo,
933 3791 991 3844 aut
1012 3782 1145 3847 interius
1167 3796 1345 3848 murmuret

392 3902 475 3944 caro.
536 3881 695 3943 Caeterum
726 3901 831 3964 equus
867 3881 1044 3968 quamlibet
1075 3884 1166 3948 velox
1205 3900 1344 3950 cessante

393 3977 523 4047 stimulo
537 3978 574 4043 fit
590 3976 721 4054 tardior,
737 3990 769 4041 et
786 3992 822 4041 ut
840 3980 884 4044 ait
899 3981 1043 4066 quidam,

532 4171 637 4183 --
649 4146 813 4213 corrumpunt
823 4143 879 4195 ocia
890 4150 1013 4208 mentem,

533 4229 569 4281 Et
580 4227 684 4299 capiunt
695 4226 787 4279 vitium
798 4230 826 4279 ni
838 4235 989 4282 moveantur
1001 4248 1090 4299 aqua:

390 4370 435 4433 sic
461 4380 491 4431 et
516 4388 604 4430 mens
634 4387 714 4441 mea,
739 4388 813 4451 quae
840 4365 887 4431 sui
913 4366 1006 4445 vicio,
1034 4391 1073 4432 ne
1097 4369 1198 4434 dicam
1219 4386 1344 4453 natura,

391 4470 487 4533 lrebes
516 4485 574 4542 est,
602 4466 741 4531 innatam
773 4468 931 4554 ignaviam
964 4494 1026 4534 non
1054 4472 1203 4559 deponet,
1231 4475 1255 4538 si
1281 4498 1342 4539 non

391 4571 531 4636 crebrius
546 4568 802 4634 exhortationum
825 4571 944 4635 aculeis
965 4575 1133 4641 excitetur.
1179 4578 1252 4642 Erit
1267 4601 1344 4661 ergo

390 4671 556 4736 industria
567 4669 906 4756 etdiligentiaevestrae
917 4674 1342 4762 frequentiussomnolentioe

391 4795 468 4836 mcae
484 4787 640 4857 torporem
665 4788 823 4853 excutere,
840 4790 876 4840 ut
900 4797 995 4861 quem
1020 4779 1059 4843 ad
1082 4780 1160 4844 bene
1182 4782 1340 4866 agendum

391 4895 452 4937 non
477 4873 616 4957 proprio,
646 4872 756 4938 saltem
782 4876 885 4941 virtus
912 4880 1063 4945 accendat
1094 4883 1215 4946 aliena:
1247 4882 1279 4945 in
1305 4906 1342 4945 eo
