3300 6434
369 1266 564 1346 llos-aa]
757 1286 935 1331 annosa.
1264 1259 1323 1332 1'17

403 1488 624 1552 EPISTOLA
647 1488 1055 1552 LXXXV.-ao1>srauu
1071 1506 1269 1553 cunnsusuu

749 1608 920 1655 assason.

610 1725 751 1788 Domino
768 1726 908 1788 Oelleasi
923 1726 1052 1801 Abbati.

405 1860 482 1922 Nou
505 1871 551 1923 est
575 1880 692 1922 novum
717 1858 804 1945 quod
827 1859 905 1923 mihi
928 1871 1032 1924 vestra
1055 1858 1234 1946 benignitas
1259 1858 1315 1922 ali-

361 1973 540 2024 mentorum
570 1960 711 2024 subsidia
741 1961 935 2046 procuravit,
964 1983 1038 2046 quoe
1068 1960 1111 2023 sic
1145 1982 1247 2023 meam
1281 1961 1313 2024 in

360 2075 444 2124 terra
464 2061 565 2125 aliena
584 2076 806 2148 paupertatem
824 2064 963 2148 excepit,
987 2081 1022 2126 ut
1045 2084 1102 2125 nec
1124 2064 1222 2146 patris
1245 2083 1315 2124 mu-

361 2186 431 2239 nus,
459 2185 516 2226 nec
542 2176 703 2227 maternus
732 2161 808 2225 mihi
839 2162 947 2226 deesse
977 2162 1140 2227 videretur
1169 2162 1313 2227 affectus.

360 2266 518 2347 Magnum
541 2265 669 2349 quidem
693 2279 760 2328 erat
783 2264 826 2328 sic
849 2263 934 2327 exuli
958 2262 1137 2349 providere,
1160 2275 1197 2327 ut
1223 2262 1310 2349 apud

360 2379 486 2430 exteras
509 2370 651 2430 nationes
674 2364 791 2428 civium
812 2364 1091 2428 commoditatibus
1105 2364 1238 2442 fruerer,
1258 2363 1313 2427 sed

358 2466 460 2531 multo
489 2468 592 2554 majus
621 2482 667 2531 est
695 2466 782 2552 quod
810 2466 887 2529 mihi
914 2465 1080 2551 diligentia
1107 2479 1211 2528 vestra
1239 2488 1312 2549 pro-

356 2567 472 2651 spexit,
489 2590 527 2630 ne
543 2590 561 2630 a
577 2565 690 2631 natalis
705 2565 762 2629 soli
780 2565 960 2643 dulcedine,
976 2589 1042 2651 qua
1063 2566 1162 2630 totius
1180 2565 1312 2630 humaui

355 2668 476 2751 generis
493 2668 679 2733 universitas
694 2667 832 2753 capitur,
848 2681 1004 2754 perpetuo
1018 2667 1196 2732 exularem.
1234 2668 1310 2731 Ves-

355 2783 439 2833 trum
460 2792 597 2856 namque
618 2792 733 2833 munus
756 2781 813 2844 est,
831 2768 919 2854 quod
940 2790 1086 2832 reversus
1105 2790 1174 2831 sum
1195 2767 1227 2831 in
1249 2780 1310 2832 ter-

354 2892 420 2933 ram
437 2871 612 2936 nativitatis
632 2894 725 2935 meae:
751 2884 889 2933 vestrum
913 2892 1029 2933 munus
1050 2882 1096 2932 est
1115 2868 1201 2955 quod
1224 2869 1310 2955 prin-

354 2973 461 3054 cipum
474 2973 611 3037 virornm
624 2985 786 3036 assecutus
799 2993 867 3034 sum
881 2970 1038 3047 notitiam,
1050 2970 1309 3047 familiaritatem,

353 3074 553 3160 gratiamque
588 3075 779 3139 multorum:
815 3088 958 3137 vestrum
994 3094 1111 3136 munus
1140 3085 1187 3136 est
1218 3072 1307 3158 quod

353 3170 464 3236 florere
490 3173 521 3237 in
549 3174 652 3259 patria
674 3174 793 3249 videor,
817 3188 850 3239 et
876 3186 1003 3237 auctore
1032 3170 1171 3236 Domino
1196 3172 1307 3237 multis

352 3276 496 3361 praeferri
511 3277 706 3353 concivibus,
721 3290 753 3341 et
768 3276 935 3341 coaetaneis
951 3275 1037 3339 meis.
1084 3275 1146 3339 Sed
1162 3275 1241 3360 quid
1257 3288 1305 3339 est

352 3378 439 3463 quod
454 3378 652 3444 liberalitatis
666 3394 698 3443 et
713 3368 937 3443 munificentias
954 3390 1067 3441 vestrae
1083 3374 1194 3440 titulos
1209 3395 1307 3437 mem-

351 3479 466 3544 bratim
478 3504 629 3567 exequor,
642 3503 742 3567 quum
759 3480 884 3544 illorum
897 3500 1049 3541 numerus
1063 3490 1096 3540 et
1111 3475 1306 3541 immensitas

350 3580 395 3644 sic
425 3594 528 3646 totum
556 3583 695 3646 animum
721 3580 885 3665 impleant,
912 3594 948 3644 ut
974 3578 1115 3655 effluant,
1143 3590 1174 3641 et
1205 3577 1304 3643 totius

350 3685 465 3745 mentis
497 3683 703 3768 capacitatem
737 3684 952 3767 exsuperent?
989 3678 1069 3742 adeo
1098 3678 1238 3765 quidem,
1265 3695 1303 3747 ut

350 3782 400 3845 vel
426 3782 480 3846 illa
510 3784 587 3861 sola,
612 3806 685 3869 quae
719 3806 779 3847 non
811 3781 932 3846 sufficio
963 3779 1133 3857 recordari,
1161 3780 1300 3849 debeant

349 3884 500 3948 meruisse
515 3884 669 3973 quicquid
686 3898 802 3949 sumet
823 3884 961 3968 possum.
1007 3882 1178 3969 Obligatus
1193 3883 1300 3971 itaque

348 4006 429 4061 sum,
460 3999 497 4050 ut
527 3986 615 4050 nulla
650 3990 826 4072 gratiarum
857 3986 979 4050 actione
1010 3984 1130 4049 valeam
1160 3985 1300 4064 liberari,

347 4103 446 4169 quum
463 4087 574 4151 merita
589 4102 695 4153 vestra
717 4109 825 4151 omnes
845 4101 977 4151 conatus
998 4108 1083 4150 meos
1098 4087 1300 4164 absorbeant,

345 4189 521 4272 prasertim
552 4212 653 4276 quum
684 4189 813 4255 devotio
841 4199 945 4252 vestra
974 4211 1025 4251 me
1052 4188 1111 4252 sibi
1141 4188 1299 4253 continuis

344 4289 464 4374 obliget
480 4291 648 4354 beneficiis.
693 4294 777 4353 Nam
793 4290 918 4354 etmihi
941 4312 1053 4375 panem
1076 4288 1299 4374 quotidianum

344 4403 491 4474 procurat
515 4402 617 4453 vestra
639 4390 794 4475 dignatio,
817 4403 849 4454 et
873 4413 946 4475 quae
968 4411 1140 4475 pauperem
1168 4413 1296 4475 pascere

346 4504 551 4554 consueverat
573 4490 801 4577 temporalibus
816 4489 984 4564 alimentis,
1002 4512 1087 4555 nunc
1102 4490 1179 4555 alias
1198 4492 1300 4556 abun·

344 4589 486 4668 dantem,
514 4606 641 4656 aeternae
672 4590 746 4654 vitae
772 4590 1009 4678 quodammodo
1038 4590 1158 4656 deliciis
1187 4592 1299 4657 reficis.

347 4692 494 4757 Profecto
523 4694 713 4780 cuicumque
742 4693 833 4757 cibus
863 4692 914 4756 bic
945 4716 1007 4758 uon
1031 4692 1196 4771 dulcescit,
1218 4693 1298 4757 iufa-

346 4809 455 4859 tuatus
481 4811 528 4861 est
555 4796 713 4881 insipienti
739 4797 893 4881 languore
920 4796 1083 4882 palati,et
1107 4795 1301 4881 nescioquo

345 4919 425 4981 pane
440 4912 512 4984 eget
