3300 6434
428 1299 486 1360 iss
687 1312 822 1357 roauurs
839 1310 1115 1356 saussnauraasrs
1281 1294 1326 1371 [a.
1346 1311 1377 1353 n.

424 1561 663 1624 EPISTOLA
685 1560 1375 1625 XCHL-soaerscoeuunoau'rcansnu.

703 1714 868 1795 Episcopo
884 1715 1094 1775 Noricicensi.

467 1862 612 1926 Dlnacrr
627 1860 685 1924 filii
708 1860 805 1924 nostri
822 1862 1015 1941 R[icardus]
1034 1860 1074 1923 de
1090 1863 1264 1938 Dractoua,
1279 1876 1310 1926 et
1333 1866 1374 1926 A.

420 1962 520 2027 frater
541 1963 622 2047 ejus,
638 1984 694 2026 sua
716 1962 806 2026 nobis
829 1962 1055 2047 conquestione
1076 1962 1225 2027 flebiliter
1247 1988 1377 2048 sugges-

422 2075 542 2143 serunt,
572 2062 659 2149 qnod
688 2064 721 2125 in
755 2063 905 2149 injuriam
946 2086 1107 2127 sacrorum
1140 2067 1306 2131 Canonunr
1346 2080 1376 2130 et

422 2179 560 2230 nostram
591 2190 609 2229 a
639 2165 704 2229 filio
732 2181 838 2231 nostro
864 2169 904 2230 R.
930 2166 1151 2230 archidiacono
1181 2168 1376 2233 Norwicrnsi

421 2267 539 2354 injuste
559 2267 685 2332 tractati
707 2281 791 2344 sunt,
814 2290 871 2331 nee
895 2267 939 2330 eis
962 2269 1103 2354 potuerit
1127 2268 1215 2353 apud
1240 2268 1374 2332 eundem

422 2369 678 2434 archidiaconum
695 2368 882 2456 interposita
897 2370 1069 2455 appellatio
1085 2372 1263 2454 suffragari.
1310 2370 1377 2433 Ad-

418 2472 537 2556 jiciunt
546 2470 930 2557 etiam,qu0d,postquam
942 2472 1048 2535 fuerat
1055 2472 1093 2534 ad
1101 2495 1159 2535 nos
1168 2472 1376 2557 appellatum,

421 2572 604 2636 fraternitas
616 2585 719 2636 vestra
734 2572 794 2637 sub
811 2576 908 2658 regim
918 2573 1070 2658 jussionis
1082 2574 1215 2637 obtentu
1233 2574 1373 2659 quadarn

419 2675 558 2759 imagine
578 2674 692 2761 judicii
715 2675 908 2762 jamdictum
934 2677 976 2740 A.
1002 2674 1208 2739 advocatione
1233 2677 1372 2741 ecclesiae

422 2777 456 2842 S.
467 2776 605 2841 Andreae
622 2776 662 2840 de
678 2778 796 2862 Ringet
812 2789 926 2841 conata
941 2777 982 2859 sit
993 2776 1138 2862 spoliare,
1150 2791 1187 2841 nt
1202 2778 1234 2839 in
1251 2778 1369 2859 R[ad.]

419 2893 605 2944 extraneum
629 2879 866 2955 transferretur,
883 2880 968 2943 unde
991 2894 1022 2943 et
1043 2879 1127 2943 idem
1145 2879 1264 2961 R[ad.]
1289 2902 1371 2942 ausu

420 2980 583 3065 sacrilego,
611 2980 800 3045 assentiente
830 2981 902 3059 sibi,
930 2980 985 3045 sed
1014 2995 1046 3046 et
1083 2985 1301 3067 patrocinante
1333 2987 1371 3046 lt.

421 3084 653 3161 archidiacono,
665 3083 851 3169 praedictam
868 3083 1030 3148 eeclesiam
1046 3098 1219 3148 memorato
1235 3084 1374 3149 Ricardo

401 3189 403 3193 ’
422 3188 479 3271 qui
493 3208 562 3248 eam
580 3184 705 3271 judicio
720 3199 839 3261 nostro,
854 3198 886 3248 et
901 3185 1036 3250 fratrum
1060 3186 1116 3271 qui
1138 3185 1281 3262 aderant,
1298 3185 1375 3270 legi·

421 3285 498 3351 time
528 3285 721 3372 possidebat,
752 3290 956 3372 praesumpsit
992 3290 1127 3352 auferre.
1189 3289 1292 3371 Super
1320 3287 1373 3373 his

420 3400 527 3453 autem
543 3388 619 3475 quia
631 3388 765 3453 testibus
779 3402 812 3452 et
828 3387 1044 3451 instrumentis
1057 3388 1147 3452 nobis
1158 3387 1252 3450 fidem
1270 3385 1372 3450 facere

421 3493 522 3576 parati
538 3507 628 3556 erant
641 3514 702 3555 non
721 3494 884 3578 potuimus
899 3513 960 3554 non
977 3490 1106 3553 moveri.
1148 3491 1370 3564 Veruntamen,

421 3607 458 3658 ut
484 3599 596 3660 merita
625 3596 725 3660 totius
754 3617 858 3659 cansa
885 3593 1024 3679 partium
1049 3592 1219 3657 assertione
1247 3591 1371 3676 pienins

420 3716 636 3776 agnoscamus,
662 3696 832 3760 terminum
857 3718 952 3780 quern
981 3707 1086 3758 vestra
1109 3692 1237 3757 dilectio
1262 3706 1372 3777 postu-

420 3791 509 3868 lavit,
521 3795 666 3875 partibus
680 3795 834 3861 duximus
849 3796 1093 3879 indulgendum,
1104 3797 1251 3861 omnibns
1267 3810 1370 3859 tamen

419 3890 452 3953 in
478 3891 601 3954 irritum
627 3892 799 3970 devocatis,
824 3921 896 3979 quae
921 3911 992 3982 post
1020 3899 1263 3984 appeliationem
1291 3921 1370 3983 prae·

419 4003 546 4077 sumpta
561 4004 645 4055 sunt.
692 3991 784 4055 Licet
798 3994 883 4057 enim
899 3995 1058 4059 interdum
1076 3999 1214 4082 propriae
1229 4021 1371 4082 personae

419 4092 638 4174 aequanimiter
663 4092 794 4179 injurias
824 4107 1062 4178 supportemus,
1088 4096 1237 4180 injuriam
1266 4110 1370 4158 tamen

419 4210 535 4259 sanctae
551 4198 704 4262 Cantuar.
725 4194 876 4270 eeclesia,
892 4207 923 4257 et
940 4208 1158 4280 contemptum
1180 4194 1264 4258 sedis
1282 4200 1371 4279 Apo-

419 4297 548 4378 stolicae,
574 4297 667 4384 enjus
693 4297 760 4360 vice
784 4294 961 4381 fungimur,
986 4294 1185 4359 dissimulare
1209 4320 1271 4360 non
1299 4322 1371 4384 pos-

419 4420 539 4473 sumus,
565 4423 621 4462 nec
647 4398 808 4463 debemus.
856 4397 1053 4485 Hujusmodi
1077 4421 1154 4484 ergo
1181 4400 1371 4464 auctoritate

418 4524 501 4587 saepe
516 4502 618 4566 fatum
632 4502 888 4566 archidiaconum
908 4500 1084 4579 Dominica,
1097 4525 1163 4587 qua
1177 4502 1372 4580 cantabitur,

421 4605 561 4668 Cautute
575 4609 723 4681 Domino,
734 4617 843 4667 nostro
858 4604 1041 4689 conspectui
1055 4627 1207 4689 apparere
1219 4604 1371 4690 jubeatis,

418 4705 653 4786 praenominatis
667 4705 820 4769 fratribus
837 4704 1009 4786 R[icardo]
1029 4724 1060 4768 et
1078 4708 1119 4767 A.
1135 4728 1229 4790 super
1245 4705 1369 4769 damnis

418 4818 449 4866 et
461 4804 583 4889 injuriis
596 4829 831 4891 responsurum,
846 4820 877 4870 et
894 4806 1118 4883 inobedientia,
1135 4822 1167 4872 et
1183 4820 1367 4890 contemptu

417 4902 533 4966 domini
557 4929 648 4991 papae
668 4921 698 4971 et
724 4922 842 4986 nostru,
868 4920 898 4971 et
927 4907 1169 4993 participatione
1196 4907 1364 4991 sacrilegii,
