<?xml version="1.0" encoding="UTF-8"?>
<!DOCTYPE html PUBLIC "-//W3C//DTD XHTML 1.0 Transitional//EN"
    "http://www.w3.org/TR/xhtml1/DTD/xhtml1-transitional.dtd">
<html xmlns="http://www.w3.org/1999/xhtml" xml:lang="en" lang="en">
 <head>
  <title>
</title>
<meta http-equiv="Content-Type" content="text/html;charset=utf-8" />
  <meta name='ocr-system' content='tesseract 3.04.00' />
  <meta name='ocr-capabilities' content='ocr_page ocr_carea ocr_par ocr_line ocrx_word'/>
</head>
<body>
  <div class='ocr_page' id='page_1' title='image "./joannissaresber14johngoog_0322.png"; bbox 0 0 3300 6434; ppageno 0'>
   <div class='ocr_carea' id='block_1_1' title="bbox 281 1130 1259 1208">
    <p class='ocr_par' dir='ltr' id='par_1_1' title="bbox 281 1130 1259 1208">
     <span class='ocr_line' id='line_1_1' title="bbox 281 1130 1259 1208; baseline -0.003 -14"><span class='ocrx_word' id='word_1_1' title='bbox 281 1134 344 1195; x_wconf 76' lang='lat'><strong>80‘2</strong></span> <span class='ocrx_word' id='word_1_2' title='bbox 525 1144 662 1193; x_wconf 74' lang='lat' dir='ltr'><strong>ioannis</strong></span> <span class='ocrx_word' id='word_1_3' title='bbox 681 1142 961 1193; x_wconf 73' lang='lat' dir='ltr'><strong>sunsssssinusu</strong></span> <span class='ocrx_word' id='word_1_4' title='bbox 1151 1130 1208 1208; x_wconf 55' lang='lat' dir='ltr'><strong>[a</strong></span> <span class='ocrx_word' id='word_1_5' title='bbox 1226 1140 1259 1191; x_wconf 87' lang='lat' dir='ltr'><strong>n.</strong></span> 
     </span>
    </p>
   </div>
   <div class='ocr_carea' id='block_1_2' title="bbox 276 1296 1259 1687">
    <p class='ocr_par' dir='ltr' id='par_1_2' title="bbox 276 1296 1259 1687">
     <span class='ocr_line' id='line_1_2' title="bbox 278 1296 1258 1377; baseline -0.001 -12"><span class='ocrx_word' id='word_1_6' title='bbox 278 1299 402 1365; x_wconf 84' lang='lat' dir='ltr'><strong>itineris</strong></span> <span class='ocrx_word' id='word_1_7' title='bbox 431 1300 538 1377; x_wconf 82' lang='lat' dir='ltr'><strong>vestri,</strong></span> <span class='ocrx_word' id='word_1_8' title='bbox 564 1311 596 1363; x_wconf 92' lang='lat' dir='ltr'><strong>et</strong></span> <span class='ocrx_word' id='word_1_9' title='bbox 625 1299 754 1377; x_wconf 85' lang='lat' dir='ltr'><strong>laboris,</strong></span> <span class='ocrx_word' id='word_1_10' title='bbox 780 1311 813 1363; x_wconf 91' lang='lat' dir='ltr'><strong>et</strong></span> <span class='ocrx_word' id='word_1_11' title='bbox 836 1298 929 1362; x_wconf 85' lang='lat' dir='ltr'><strong>sortis</strong></span> <span class='ocrx_word' id='word_1_12' title='bbox 951 1296 1017 1361; x_wconf 83' lang='lat' dir='ltr'><strong>iore</strong></span> <span class='ocrx_word' id='word_1_13' title='bbox 1035 1308 1258 1363; x_wconf 74' lang='lat' dir='ltr'><strong>consortem.</strong></span> 
     </span>
     <span class='ocr_line' id='line_1_3' title="bbox 279 1400 1259 1484; baseline -0.002 -18"><span class='ocrx_word' id='word_1_14' title='bbox 279 1400 365 1466; x_wconf 89' lang='lat' dir='ltr'><strong>Nam</strong></span> <span class='ocrx_word' id='word_1_15' title='bbox 380 1402 414 1465; x_wconf 92' lang='lat' dir='ltr'><strong>in</strong></span> <span class='ocrx_word' id='word_1_16' title='bbox 430 1422 542 1465; x_wconf 89' lang='lat' dir='ltr'><strong>omnes</strong></span> <span class='ocrx_word' id='word_1_17' title='bbox 556 1400 741 1484; x_wconf 88' lang='lat' dir='ltr'><strong>hujusmodi</strong></span> <span class='ocrx_word' id='word_1_18' title='bbox 756 1420 851 1464; x_wconf 84' lang='lat' dir='ltr'><strong>casus</strong></span> <span class='ocrx_word' id='word_1_19' title='bbox 865 1410 994 1483; x_wconf 86' lang='lat' dir='ltr'><strong>paratus</strong></span> <span class='ocrx_word' id='word_1_20' title='bbox 1008 1418 1098 1478; x_wconf 89' lang='lat' dir='ltr'><strong>sum,</strong></span> <span class='ocrx_word' id='word_1_21' title='bbox 1108 1409 1259 1465; x_wconf 87' lang='lat' dir='ltr'><strong>auctore</strong></span> 
     </span>
     <span class='ocr_line' id='line_1_4' title="bbox 277 1500 1256 1588; baseline 0 -21"><span class='ocrx_word' id='word_1_22' title='bbox 277 1503 431 1581; x_wconf 89' lang='lat' dir='ltr'><strong>Domino,</strong></span> <span class='ocrx_word' id='word_1_23' title='bbox 446 1524 504 1588; x_wconf 89' lang='lat' dir='ltr'><strong>pro</strong></span> <span class='ocrx_word' id='word_1_24' title='bbox 528 1503 680 1566; x_wconf 88' lang='lat' dir='ltr'><strong>fidelitate</strong></span> <span class='ocrx_word' id='word_1_25' title='bbox 703 1502 849 1566; x_wconf 73' lang='lat' dir='ltr'><strong>ecclesias</strong></span> <span class='ocrx_word' id='word_1_26' title='bbox 871 1513 904 1565; x_wconf 88' lang='lat' dir='ltr'><strong>et</strong></span> <span class='ocrx_word' id='word_1_27' title='bbox 921 1511 1041 1565; x_wconf 86' lang='lat' dir='ltr'><strong>restra:</strong></span> <span class='ocrx_word' id='word_1_28' title='bbox 1075 1500 1107 1564; x_wconf 91' lang='lat' dir='ltr'><strong>si</strong></span> <span class='ocrx_word' id='word_1_29' title='bbox 1132 1510 1256 1567; x_wconf 72' lang='lat' dir='ltr'><strong>umen</strong></span> 
     </span>
     <span class='ocr_line' id='line_1_5' title="bbox 276 1601 1257 1687; baseline -0.003 -18"><span class='ocrx_word' id='word_1_30' title='bbox 276 1605 433 1687; x_wconf 79' lang='lat' dir='ltr'><strong>placuerit</strong></span> <span class='ocrx_word' id='word_1_31' title='bbox 452 1616 487 1667; x_wconf 92' lang='lat' dir='ltr'><strong>ut</strong></span> <span class='ocrx_word' id='word_1_32' title='bbox 502 1604 592 1667; x_wconf 88' lang='lat' dir='ltr'><strong>vobis</strong></span> <span class='ocrx_word' id='word_1_33' title='bbox 607 1624 782 1678; x_wconf 88' lang='lat' dir='ltr'><strong>occurram,</strong></span> <span class='ocrx_word' id='word_1_34' title='bbox 797 1624 849 1667; x_wconf 88' lang='lat' dir='ltr'><strong>mc</strong></span> <span class='ocrx_word' id='word_1_35' title='bbox 864 1601 944 1666; x_wconf 83' lang='lat' dir='ltr'><strong>tenti</strong></span> <span class='ocrx_word' id='word_1_36' title='bbox 958 1601 1118 1686; x_wconf 87' lang='lat' dir='ltr'><strong>temporis</strong></span> <span class='ocrx_word' id='word_1_37' title='bbox 1134 1601 1257 1686; x_wconf 87' lang='lat' dir='ltr'><strong>spatio</strong></span> 
     </span>
    </p>
   </div>
   <div class='ocr_carea' id='block_1_3' title="bbox 275 1702 1255 1886">
    <p class='ocr_par' dir='ltr' id='par_1_3' title="bbox 275 1702 1255 1886">
     <span class='ocr_line' id='line_1_6' title="bbox 275 1702 1255 1790; baseline -0.004 -21"><span class='ocrx_word' id='word_1_38' title='bbox 275 1705 475 1790; x_wconf 68' lang='lat' dir='ltr'><strong>premunite,</strong></span> <span class='ocrx_word' id='word_1_39' title='bbox 487 1716 524 1770; x_wconf 91' lang='lat' dir='ltr'><strong>ut</strong></span> <span class='ocrx_word' id='word_1_40' title='bbox 535 1704 576 1768; x_wconf 90' lang='lat' dir='ltr'><strong>ad</strong></span> <span class='ocrx_word' id='word_1_41' title='bbox 585 1705 691 1768; x_wconf 90' lang='lat' dir='ltr'><strong>locum</strong></span> <span class='ocrx_word' id='word_1_42' title='bbox 703 1714 736 1768; x_wconf 92' lang='lat' dir='ltr'><strong>et</strong></span> <span class='ocrx_word' id='word_1_43' title='bbox 747 1704 844 1784; x_wconf 91' lang='lat' dir='ltr'><strong>diem,</strong></span> <span class='ocrx_word' id='word_1_44' title='bbox 856 1724 951 1788; x_wconf 89' lang='lat' dir='ltr'><strong>quem</strong></span> <span class='ocrx_word' id='word_1_45' title='bbox 961 1702 1255 1788; x_wconf 67' lang='lat' dir='ltr'><strong>proscripseritis,</strong></span> 
     </span>
     <span class='ocr_line' id='line_1_7' title="bbox 276 1802 906 1886; baseline -0.008 -17"><span class='ocrx_word' id='word_1_46' title='bbox 276 1802 446 1869; x_wconf 90' lang='lat' dir='ltr'><strong>commode</strong></span> <span class='ocrx_word' id='word_1_47' title='bbox 460 1804 583 1867; x_wconf 82' lang='lat' dir='ltr'><strong>valeam</strong></span> <span class='ocrx_word' id='word_1_48' title='bbox 599 1804 775 1886; x_wconf 75' lang='lat' dir='ltr'><strong>pervenire.</strong></span> <span class='ocrx_word' id='word_1_49' title='bbox 821 1803 906 1867; x_wconf 90' lang='lat' dir='ltr'><strong>Nam</strong></span> 
     </span>
    </p>
   </div>
   <div class='ocr_carea' id='block_1_4' title="bbox 450 1929 929 1995">
    <p class='ocr_par' dir='ltr' id='par_1_4' title="bbox 450 1929 929 1995">
     <span class='ocr_line' id='line_1_8' title="bbox 450 1929 929 1995; baseline -0.01 -8"><span class='ocrx_word' id='word_1_50' title='bbox 450 1929 929 1995; x_wconf 59' lang='lat' dir='ltr'><strong>-inmemorauoneritnllu</strong></span> 
     </span>
    </p>
   </div>
   <div class='ocr_carea' id='block_1_5' title="bbox 275 2051 1250 2235">
    <p class='ocr_par' dir='ltr' id='par_1_5' title="bbox 275 2051 1250 2235">
     <span class='ocr_line' id='line_1_9' title="bbox 275 2051 1250 2137; baseline 0.001 -19"><span class='ocrx_word' id='word_1_51' title='bbox 275 2054 351 2119; x_wconf 87' lang='lat' dir='ltr'><strong>licet</strong></span> <span class='ocrx_word' id='word_1_52' title='bbox 376 2055 492 2118; x_wconf 88' lang='lat' dir='ltr'><strong>multas</strong></span> <span class='ocrx_word' id='word_1_53' title='bbox 516 2052 602 2117; x_wconf 90' lang='lat' dir='ltr'><strong>domi</strong></span> <span class='ocrx_word' id='word_1_54' title='bbox 627 2075 684 2137; x_wconf 91' lang='lat' dir='ltr'><strong>pro</strong></span> <span class='ocrx_word' id='word_1_55' title='bbox 705 2064 847 2135; x_wconf 88' lang='lat' dir='ltr'><strong>tempore</strong></span> <span class='ocrx_word' id='word_1_56' title='bbox 872 2051 1067 2117; x_wconf 65' lang='lat' dir='ltr'><strong>neceoearias</strong></span> <span class='ocrx_word' id='word_1_57' title='bbox 1097 2051 1250 2119; x_wconf 84' lang='lat' dir='ltr'><strong>babeam</strong></span> 
     </span>
     <span class='ocr_line' id='line_1_10' title="bbox 276 2145 1250 2235; baseline 0.001 -20"><span class='ocrx_word' id='word_1_58' title='bbox 276 2152 515 2235; x_wconf 79' lang='lat' dir='ltr'><strong>occupationes,</strong></span> <span class='ocrx_word' id='word_1_59' title='bbox 531 2164 598 2214; x_wconf 89' lang='lat' dir='ltr'><strong>tum</strong></span> <span class='ocrx_word' id='word_1_60' title='bbox 620 2171 664 2213; x_wconf 85' lang='lat' dir='ltr'><strong>ex</strong></span> <span class='ocrx_word' id='word_1_61' title='bbox 684 2148 837 2213; x_wconf 82' lang='lat' dir='ltr'><strong>instantia</strong></span> <span class='ocrx_word' id='word_1_62' title='bbox 859 2145 984 2211; x_wconf 85' lang='lat' dir='ltr'><strong>abbatis</strong></span> <span class='ocrx_word' id='word_1_63' title='bbox 1006 2147 1082 2226; x_wconf 91' lang='lat' dir='ltr'><strong>mei,</strong></span> <span class='ocrx_word' id='word_1_64' title='bbox 1099 2158 1177 2212; x_wconf 89' lang='lat' dir='ltr'><strong>tum</strong></span> <span class='ocrx_word' id='word_1_65' title='bbox 1202 2171 1250 2216; x_wconf 86' lang='lat' dir='ltr'><strong>ex</strong></span> 
     </span>
    </p>
   </div>
   <div class='ocr_carea' id='block_1_6' title="bbox 276 2248 1248 2439">
    <p class='ocr_par' dir='ltr' id='par_1_6' title="bbox 276 2248 1248 2439">
     <span class='ocr_line' id='line_1_11' title="bbox 276 2248 1248 2338; baseline 0 -20"><span class='ocrx_word' id='word_1_66' title='bbox 276 2253 447 2338; x_wconf 72' lang='lat' dir='ltr'><strong>praeseutia</strong></span> <span class='ocrx_word' id='word_1_67' title='bbox 461 2253 530 2316; x_wconf 89' lang='lat' dir='ltr'><strong>Gir.</strong></span> <span class='ocrx_word' id='word_1_68' title='bbox 551 2251 777 2329; x_wconf 81' lang='lat' dir='ltr'><strong>archidiaconi,</strong></span> <span class='ocrx_word' id='word_1_69' title='bbox 796 2272 932 2335; x_wconf 89' lang='lat' dir='ltr'><strong>quorum</strong></span> <span class='ocrx_word' id='word_1_70' title='bbox 954 2248 1137 2331; x_wconf 88' lang='lat' dir='ltr'><strong>desideriis,</strong></span> <span class='ocrx_word' id='word_1_71' title='bbox 1155 2253 1248 2318; x_wconf 90' lang='lat' dir='ltr'><strong>sicut</strong></span> 
     </span>
     <span class='ocr_line' id='line_1_12' title="bbox 276 2353 743 2439; baseline 0.004 -24"><span class='ocrx_word' id='word_1_72' title='bbox 276 2355 379 2434; x_wconf 85' lang='lat' dir='ltr'><strong>robis,</strong></span> <span class='ocrx_word' id='word_1_73' title='bbox 394 2353 505 2420; x_wconf 78' lang='lat' dir='ltr'>deesse</span> <span class='ocrx_word' id='word_1_74' title='bbox 520 2376 585 2418; x_wconf 89' lang='lat' dir='ltr'><strong>non</strong></span> <span class='ocrx_word' id='word_1_75' title='bbox 601 2376 743 2439; x_wconf 90' lang='lat' dir='ltr'><strong>possum.</strong></span> 
     </span>
    </p>
   </div>
   <div class='ocr_carea' id='block_1_7' title="bbox 275 2638 1241 2723">
    <p class='ocr_par' dir='ltr' id='par_1_7' title="bbox 275 2638 1241 2723">
     <span class='ocr_line' id='line_1_13' title="bbox 275 2638 1241 2723; baseline 0.005 -22"><span class='ocrx_word' id='word_1_76' title='bbox 275 2638 498 2703; x_wconf 76' lang='lat' dir='ltr'>EPISTOLA</span> <span class='ocrx_word' id='word_1_77' title='bbox 514 2638 827 2703; x_wconf 66' lang='lat' dir='ltr'><strong>cumin-in</strong></span> <span class='ocrx_word' id='word_1_78' title='bbox 839 2656 991 2703; x_wconf 81' lang='lat' dir='ltr'><strong>suunsu.</strong></span> <span class='ocrx_word' id='word_1_79' title='bbox 1010 2638 1099 2718; x_wconf 68' lang='lat' dir='ltr'><strong>[nn.</strong></span> <span class='ocrx_word' id='word_1_80' title='bbox 1121 2642 1241 2723; x_wconf 76' lang='lat' dir='ltr'><strong>tres]</strong></span> 
     </span>
    </p>
   </div>
   <div class='ocr_carea' id='block_1_8' title="bbox 415 2784 1095 2850">
    <p class='ocr_par' dir='ltr' id='par_1_8' title="bbox 415 2784 1095 2850">
     <span class='ocr_line' id='line_1_14' title="bbox 415 2784 1095 2850; baseline -0.003 0"><span class='ocrx_word' id='word_1_81' title='bbox 415 2787 540 2850; x_wconf 72' lang='lat' dir='ltr'><strong>lltomc</strong></span> <span class='ocrx_word' id='word_1_82' title='bbox 558 2787 794 2850; x_wconf 72' lang='lat' dir='ltr'><strong>cantuariensi</strong></span> <span class='ocrx_word' id='word_1_83' title='bbox 806 2787 952 2850; x_wconf 81' lang='lat' dir='ltr'><strong>Joounes</strong></span> <span class='ocrx_word' id='word_1_84' title='bbox 967 2784 1095 2849; x_wconf 76' lang='lat' dir='ltr'><strong>Sorech.</strong></span> 
     </span>
    </p>
   </div>
   <div class='ocr_carea' id='block_1_9' title="bbox 271 2909 1238 4810">
    <p class='ocr_par' dir='ltr' id='par_1_9' title="bbox 271 2909 1238 4810">
     <span class='ocr_line' id='line_1_15' title="bbox 319 2909 1238 2997; baseline 0.008 -23"><span class='ocrx_word' id='word_1_85' title='bbox 319 2909 501 2988; x_wconf 77' lang='lat' dir='ltr'><strong>errusas,</strong></span> <span class='ocrx_word' id='word_1_86' title='bbox 517 2932 598 2997; x_wconf 87' lang='lat' dir='ltr'><strong>quas</strong></span> <span class='ocrx_word' id='word_1_87' title='bbox 611 2909 653 2974; x_wconf 89' lang='lat' dir='ltr'><strong>ad</strong></span> <span class='ocrx_word' id='word_1_88' title='bbox 674 2911 926 2975; x_wconf 82' lang='lat' dir='ltr'><strong>consolationem</strong></span> <span class='ocrx_word' id='word_1_89' title='bbox 942 2922 1089 2988; x_wconf 81' lang='lat' dir='ltr'><strong>vestram,</strong></span> <span class='ocrx_word' id='word_1_90' title='bbox 1105 2923 1139 2977; x_wconf 89' lang='lat' dir='ltr'><strong>et</strong></span> <span class='ocrx_word' id='word_1_91' title='bbox 1156 2917 1238 2980; x_wconf 88' lang='lat' dir='ltr'><strong>sub·</strong></span> 
     </span>
     <span class='ocr_line' id='line_1_16' title="bbox 272 3012 1238 3096; baseline 0.007 -20"><span class='ocrx_word' id='word_1_92' title='bbox 272 3012 464 3079; x_wconf 77' lang='lat' dir='ltr'><strong>levationem</strong></span> <span class='ocrx_word' id='word_1_93' title='bbox 483 3013 638 3093; x_wconf 79' lang='lat' dir='ltr'><strong>ecclesias,</strong></span> <span class='ocrx_word' id='word_1_94' title='bbox 652 3023 728 3096; x_wconf 89' lang='lat' dir='ltr'><strong>post</strong></span> <span class='ocrx_word' id='word_1_95' title='bbox 747 3013 877 3094; x_wconf 82' lang='lat' dir='ltr'><strong>longum</strong></span> <span class='ocrx_word' id='word_1_96' title='bbox 898 3013 1027 3076; x_wconf 89' lang='lat' dir='ltr'><strong>tandem</strong></span> <span class='ocrx_word' id='word_1_97' title='bbox 1043 3015 1185 3081; x_wconf 88' lang='lat' dir='ltr'><strong>exilium</strong></span> <span class='ocrx_word' id='word_1_98' title='bbox 1203 3029 1238 3083; x_wconf 84' lang='lat' dir='ltr'><strong>et</strong></span> 
     </span>
     <span class='ocr_line' id='line_1_17' title="bbox 272 3113 1237 3197; baseline 0.005 -20"><span class='ocrx_word' id='word_1_99' title='bbox 272 3114 539 3197; x_wconf 78' lang='lat' dir='ltr'><strong>proscriptionem</strong></span> <span class='ocrx_word' id='word_1_100' title='bbox 565 3113 670 3191; x_wconf 79' lang='lat' dir='ltr'><strong>vestri,</strong></span> <span class='ocrx_word' id='word_1_101' title='bbox 695 3122 729 3176; x_wconf 92' lang='lat' dir='ltr'><strong>et</strong></span> <span class='ocrx_word' id='word_1_102' title='bbox 753 3125 928 3177; x_wconf 86' lang='lat' dir='ltr'><strong>vestrorum</strong></span> <span class='ocrx_word' id='word_1_103' title='bbox 958 3113 1113 3192; x_wconf 90' lang='lat' dir='ltr'><strong>omnium,</strong></span> <span class='ocrx_word' id='word_1_104' title='bbox 1138 3118 1237 3182; x_wconf 84' lang='lat' dir='ltr'><strong>robis</strong></span> 
     </span>
     <span class='ocr_line' id='line_1_18' title="bbox 272 3210 1237 3294; baseline 0.005 -17"><span class='ocrx_word' id='word_1_105' title='bbox 272 3211 356 3294; x_wconf 81' lang='lat' dir='ltr'><strong>patri</strong></span> <span class='ocrx_word' id='word_1_106' title='bbox 385 3233 456 3290; x_wconf 90' lang='lat' dir='ltr'><strong>suo,</strong></span> <span class='ocrx_word' id='word_1_107' title='bbox 484 3212 544 3275; x_wconf 88' lang='lat' dir='ltr'><strong>filii</strong></span> <span class='ocrx_word' id='word_1_108' title='bbox 582 3211 824 3276; x_wconf 80' lang='lat' dir='ltr'><strong>cantuariensis</strong></span> <span class='ocrx_word' id='word_1_109' title='bbox 861 3210 1019 3292; x_wconf 82' lang='lat' dir='ltr'><strong>ecclesias,</strong></span> <span class='ocrx_word' id='word_1_110' title='bbox 1047 3215 1170 3294; x_wconf 83' lang='lat' dir='ltr'><strong>fratres,</strong></span> <span class='ocrx_word' id='word_1_111' title='bbox 1202 3229 1237 3282; x_wconf 95' lang='lat' dir='ltr'><strong>et</strong></span> 
     </span>
     <span class='ocr_line' id='line_1_19' title="bbox 272 3309 1233 3399; baseline 0.006 -21"><span class='ocrx_word' id='word_1_112' title='bbox 272 3312 458 3398; x_wconf 80' lang='lat' dir='ltr'><strong>coepiscopi</strong></span> <span class='ocrx_word' id='word_1_113' title='bbox 491 3309 583 3377; x_wconf 87' lang='lat' dir='ltr'><strong>vestri</strong></span> <span class='ocrx_word' id='word_1_114' title='bbox 620 3334 725 3397; x_wconf 84' lang='lat' dir='ltr'><strong>nuper</strong></span> <span class='ocrx_word' id='word_1_115' title='bbox 761 3315 1013 3393; x_wconf 88' lang='lat' dir='ltr'><strong>transmiserunt,</strong></span> <span class='ocrx_word' id='word_1_116' title='bbox 1042 3314 1233 3399; x_wconf 82' lang='lat' dir='ltr'><strong>diligentius</strong></span> 
     </span>
     <span class='ocr_line' id='line_1_20' title="bbox 271 3414 1232 3501; baseline 0.008 -24"><span class='ocrx_word' id='word_1_117' title='bbox 271 3415 426 3498; x_wconf 80' lang='lat' dir='ltr'><strong>relegens,</strong></span> <span class='ocrx_word' id='word_1_118' title='bbox 455 3415 535 3479; x_wconf 89' lang='lat' dir='ltr'><strong>nihil</strong></span> <span class='ocrx_word' id='word_1_119' title='bbox 572 3414 770 3500; x_wconf 87' lang='lat' dir='ltr'><strong>probabilius</strong></span> <span class='ocrx_word' id='word_1_120' title='bbox 799 3436 841 3479; x_wconf 87' lang='lat' dir='ltr'><strong>ex</strong></span> <span class='ocrx_word' id='word_1_121' title='bbox 879 3437 988 3480; x_wconf 88' lang='lat' dir='ltr'><strong>earum</strong></span> <span class='ocrx_word' id='word_1_122' title='bbox 1024 3417 1232 3501; x_wconf 85' lang='lat' dir='ltr'><strong>inspectione</strong></span> 
     </span>
     <span class='ocr_line' id='line_1_21' title="bbox 273 3516 1230 3602; baseline 0.006 -24"><span class='ocrx_word' id='word_1_123' title='bbox 273 3516 362 3598; x_wconf 91' lang='lat' dir='ltr'><strong>potui</strong></span> <span class='ocrx_word' id='word_1_124' title='bbox 386 3517 522 3600; x_wconf 86' lang='lat' dir='ltr'><strong>opinari,</strong></span> <span class='ocrx_word' id='word_1_125' title='bbox 542 3538 636 3602; x_wconf 90' lang='lat' dir='ltr'><strong>quam</strong></span> <span class='ocrx_word' id='word_1_126' title='bbox 661 3537 716 3581; x_wconf 87' lang='lat' dir='ltr'><strong>ess</strong></span> <span class='ocrx_word' id='word_1_127' title='bbox 742 3516 878 3580; x_wconf 91' lang='lat' dir='ltr'><strong>consilio</strong></span> <span class='ocrx_word' id='word_1_128' title='bbox 903 3516 1106 3600; x_wconf 81' lang='lat' dir='ltr'><strong>Achitophel,</strong></span> <span class='ocrx_word' id='word_1_129' title='bbox 1128 3540 1230 3602; x_wconf 88' lang='lat' dir='ltr'><strong>quem</strong></span> 
     </span>
     <span class='ocr_line' id='line_1_22' title="bbox 273 3615 1232 3700; baseline 0.003 -18"><span class='ocrx_word' id='word_1_130' title='bbox 273 3615 425 3682; x_wconf 87' lang='lat' dir='ltr'><strong>credibile</strong></span> <span class='ocrx_word' id='word_1_131' title='bbox 441 3629 490 3680; x_wconf 89' lang='lat' dir='ltr'><strong>est</strong></span> <span class='ocrx_word' id='word_1_132' title='bbox 504 3618 535 3679; x_wconf 95' lang='lat' dir='ltr'><strong>in</strong></span> <span class='ocrx_word' id='word_1_133' title='bbox 551 3618 727 3700; x_wconf 91' lang='lat' dir='ltr'><strong>perniciem</strong></span> <span class='ocrx_word' id='word_1_134' title='bbox 742 3617 886 3681; x_wconf 87' lang='lat' dir='ltr'><strong>fidelium</strong></span> <span class='ocrx_word' id='word_1_135' title='bbox 902 3619 943 3679; x_wconf 89' lang='lat' dir='ltr'><strong>ab</strong></span> <span class='ocrx_word' id='word_1_136' title='bbox 958 3618 1068 3682; x_wconf 85' lang='lat' dir='ltr'><strong>inferis</strong></span> <span class='ocrx_word' id='word_1_137' title='bbox 1082 3619 1232 3697; x_wconf 88' lang='lat' dir='ltr'><strong>rediisse,</strong></span> 
     </span>
     <span class='ocr_line' id='line_1_23' title="bbox 273 3716 1230 3802; baseline 0.011 -28"><span class='ocrx_word' id='word_1_138' title='bbox 273 3734 331 3797; x_wconf 88' lang='lat' dir='ltr'><strong>per</strong></span> <span class='ocrx_word' id='word_1_139' title='bbox 345 3733 474 3775; x_wconf 90' lang='lat' dir='ltr'><strong>manum</strong></span> <span class='ocrx_word' id='word_1_140' title='bbox 489 3716 597 3778; x_wconf 89' lang='lat' dir='ltr'><strong>Doeth</strong></span> <span class='ocrx_word' id='word_1_141' title='bbox 607 3716 754 3793; x_wconf 75' lang='lat' dir='ltr'><strong>Idumaei,</strong></span> <span class='ocrx_word' id='word_1_142' title='bbox 764 3718 901 3781; x_wconf 85' lang='lat' dir='ltr'><strong>sitientis</strong></span> <span class='ocrx_word' id='word_1_143' title='bbox 915 3717 1021 3783; x_wconf 88' lang='lat' dir='ltr'><strong>adbuc</strong></span> <span class='ocrx_word' id='word_1_144' title='bbox 1037 3721 1230 3802; x_wconf 77' lang='lat' dir='ltr'><strong>sanguinem</strong></span> 
     </span>
     <span class='ocr_line' id='line_1_24' title="bbox 273 3811 1233 3907; baseline 0.011 -29"><span class='ocrx_word' id='word_1_145' title='bbox 273 3811 485 3886; x_wconf 87' lang='lat' dir='ltr'><strong>sacerdotum,</strong></span> <span class='ocrx_word' id='word_1_146' title='bbox 497 3825 528 3876; x_wconf 87' lang='lat' dir='ltr'><strong>et</strong></span> <span class='ocrx_word' id='word_1_147' title='bbox 538 3818 719 3896; x_wconf 84' lang='lat' dir='ltr'><strong>quaerentis,</strong></span> <span class='ocrx_word' id='word_1_148' title='bbox 732 3829 765 3878; x_wconf 90' lang='lat' dir='ltr'><strong>et</strong></span> <span class='ocrx_word' id='word_1_149' title='bbox 776 3819 997 3884; x_wconf 86' lang='lat' dir='ltr'><strong>insatiabiliter</strong></span> <span class='ocrx_word' id='word_1_150' title='bbox 1006 3825 1233 3907; x_wconf 88' lang='lat' dir='ltr'><strong>persequentis</strong></span> 
     </span>
     <span class='ocr_line' id='line_1_25' title="bbox 272 3913 1233 3996; baseline 0.01 -17"><span class='ocrx_word' id='word_1_151' title='bbox 272 3915 408 3980; x_wconf 89' lang='lat' dir='ltr'><strong>animam</strong></span> <span class='ocrx_word' id='word_1_152' title='bbox 436 3913 568 3989; x_wconf 87' lang='lat' dir='ltr'><strong>Christi,</strong></span> <span class='ocrx_word' id='word_1_153' title='bbox 595 3914 648 3996; x_wconf 92' lang='lat' dir='ltr'><strong>qui</strong></span> <span class='ocrx_word' id='word_1_154' title='bbox 675 3915 708 3975; x_wconf 92' lang='lat' dir='ltr'><strong>in</strong></span> <span class='ocrx_word' id='word_1_155' title='bbox 739 3917 916 3981; x_wconf 90' lang='lat' dir='ltr'><strong>electorum</strong></span> <span class='ocrx_word' id='word_1_156' title='bbox 946 3921 1010 3984; x_wconf 88' lang='lat' dir='ltr'><strong>fide</strong></span> <span class='ocrx_word' id='word_1_157' title='bbox 1036 3934 1068 3985; x_wconf 91' lang='lat' dir='ltr'><strong>et</strong></span> <span class='ocrx_word' id='word_1_158' title='bbox 1094 3924 1233 3991; x_wconf 88' lang='lat' dir='ltr'><strong>caritate</strong></span> 
     </span>
     <span class='ocr_line' id='line_1_26' title="bbox 272 4014 1235 4101; baseline 0.008 -21"><span class='ocrx_word' id='word_1_159' title='bbox 272 4019 357 4091; x_wconf 79' lang='lat' dir='ltr'><strong>sirit,</strong></span> <span class='ocrx_word' id='word_1_160' title='bbox 374 4014 469 4080; x_wconf 84' lang='lat' dir='ltr'><strong>fuisse</strong></span> <span class='ocrx_word' id='word_1_161' title='bbox 485 4016 629 4080; x_wconf 88' lang='lat' dir='ltr'><strong>dictatas.</strong></span> <span class='ocrx_word' id='word_1_162' title='bbox 675 4016 729 4079; x_wconf 88' lang='lat' dir='ltr'><strong>sic</strong></span> <span class='ocrx_word' id='word_1_163' title='bbox 748 4017 833 4079; x_wconf 88' lang='lat' dir='ltr'><strong>enim</strong></span> <span class='ocrx_word' id='word_1_164' title='bbox 856 4031 1040 4100; x_wconf 79' lang='lat' dir='ltr'><strong>pervertunt</strong></span> <span class='ocrx_word' id='word_1_165' title='bbox 1053 4024 1178 4101; x_wconf 88' lang='lat' dir='ltr'><strong>omnis,</strong></span> <span class='ocrx_word' id='word_1_166' title='bbox 1195 4042 1235 4092; x_wconf 88' lang='grc' dir='ltr'><strong>ιιι</strong></span> 
     </span>
     <span class='ocr_line' id='line_1_27' title="bbox 271 4118 1232 4202; baseline 0.008 -20"><span class='ocrx_word' id='word_1_167' title='bbox 271 4120 373 4183; x_wconf 86' lang='lat' dir='ltr'><strong>cuivis</strong></span> <span class='ocrx_word' id='word_1_168' title='bbox 389 4120 437 4183; x_wconf 85' lang='lat' dir='ltr'><strong>rel</strong></span> <span class='ocrx_word' id='word_1_169' title='bbox 453 4140 563 4202; x_wconf 90' lang='lat' dir='ltr'><strong>parum</strong></span> <span class='ocrx_word' id='word_1_170' title='bbox 579 4118 769 4200; x_wconf 81' lang='lat' dir='ltr'><strong>intelligenti</strong></span> <span class='ocrx_word' id='word_1_171' title='bbox 792 4121 999 4201; x_wconf 85' lang='lat' dir='ltr'><strong>perspicuum</strong></span> <span class='ocrx_word' id='word_1_172' title='bbox 1015 4122 1068 4197; x_wconf 90' lang='lat' dir='ltr'><strong>sit,</strong></span> <span class='ocrx_word' id='word_1_173' title='bbox 1083 4136 1232 4194; x_wconf 82' lang='lat' dir='ltr'><strong>mentem</strong></span> 
     </span>
     <span class='ocr_line' id='line_1_28' title="bbox 271 4221 1233 4304; baseline 0.008 -18"><span class='ocrx_word' id='word_1_174' title='bbox 271 4242 377 4286; x_wconf 89' lang='lat' dir='ltr'><strong>earum</strong></span> <span class='ocrx_word' id='word_1_175' title='bbox 392 4223 486 4302; x_wconf 83' lang='lat' dir='ltr'><strong>longe</strong></span> <span class='ocrx_word' id='word_1_176' title='bbox 503 4242 572 4284; x_wconf 89' lang='lat' dir='ltr'><strong>esse</strong></span> <span class='ocrx_word' id='word_1_177' title='bbox 588 4223 629 4283; x_wconf 86' lang='lat' dir='ltr'><strong>ab</strong></span> <span class='ocrx_word' id='word_1_178' title='bbox 644 4221 795 4304; x_wconf 87' lang='lat' dir='ltr'><strong>opinione</strong></span> <span class='ocrx_word' id='word_1_179' title='bbox 811 4224 983 4286; x_wconf 89' lang='lat' dir='ltr'><strong>communi.</strong></span> <span class='ocrx_word' id='word_1_180' title='bbox 1029 4226 1094 4289; x_wconf 88' lang='lat' dir='ltr'><strong>Sed</strong></span> <span class='ocrx_word' id='word_1_181' title='bbox 1110 4248 1129 4290; x_wconf 89' lang='lat' dir='ltr'><strong>a</strong></span> <span class='ocrx_word' id='word_1_182' title='bbox 1145 4232 1233 4294; x_wconf 85' lang='lat' dir='ltr'><strong>veri·</strong></span> 
     </span>
     <span class='ocr_line' id='line_1_29' title="bbox 271 4322 1232 4407; baseline 0.009 -20"><span class='ocrx_word' id='word_1_183' title='bbox 271 4335 335 4389; x_wconf 86' lang='lat' dir='ltr'><strong>tate</strong></span> <span class='ocrx_word' id='word_1_184' title='bbox 365 4323 492 4405; x_wconf 80' lang='lat' dir='ltr'><strong>longius</strong></span> <span class='ocrx_word' id='word_1_185' title='bbox 521 4322 635 4388; x_wconf 89' lang='lat' dir='ltr'><strong>distat:</strong></span> <span class='ocrx_word' id='word_1_186' title='bbox 675 4344 813 4407; x_wconf 89' lang='lat' dir='ltr'><strong>namque</strong></span> <span class='ocrx_word' id='word_1_187' title='bbox 843 4344 954 4388; x_wconf 90' lang='lat' dir='ltr'><strong>omnes</strong></span> <span class='ocrx_word' id='word_1_188' title='bbox 984 4327 1161 4405; x_wconf 71' lang='lat' dir='ltr'><strong>blanditiae,</strong></span> <span class='ocrx_word' id='word_1_189' title='bbox 1194 4344 1232 4396; x_wconf 87' lang='lat' dir='ltr'><strong>et</strong></span> 
     </span>
     <span class='ocr_line' id='line_1_30' title="bbox 271 4423 1232 4512; baseline 0.007 -22"><span class='ocrx_word' id='word_1_190' title='bbox 271 4424 425 4512; x_wconf 85' lang='lat' dir='ltr'><strong>exquisiti</strong></span> <span class='ocrx_word' id='word_1_191' title='bbox 450 4424 573 4488; x_wconf 88' lang='lat' dir='ltr'><strong>colores</strong></span> <span class='ocrx_word' id='word_1_192' title='bbox 603 4445 643 4487; x_wconf 91' lang='lat' dir='ltr'><strong>eo</strong></span> <span class='ocrx_word' id='word_1_193' title='bbox 673 4423 821 4502; x_wconf 90' lang='lat' dir='ltr'><strong>tendunt,</strong></span> <span class='ocrx_word' id='word_1_194' title='bbox 847 4438 883 4489; x_wconf 92' lang='lat' dir='ltr'><strong>ut</strong></span> <span class='ocrx_word' id='word_1_195' title='bbox 911 4428 971 4492; x_wconf 91' lang='lat' dir='ltr'><strong>sub</strong></span> <span class='ocrx_word' id='word_1_196' title='bbox 998 4429 1232 4512; x_wconf 84' lang='lat' dir='ltr'><strong>appellationis</strong></span> 
     </span>
     <span class='ocr_line' id='line_1_31' title="bbox 271 4524 1230 4612; baseline 0.006 -21"><span class='ocrx_word' id='word_1_197' title='bbox 271 4539 431 4612; x_wconf 76' lang='lat' dir='ltr'><strong>praetextu</strong></span> <span class='ocrx_word' id='word_1_198' title='bbox 455 4525 528 4608; x_wconf 88' lang='lat' dir='ltr'><strong>jure</strong></span> <span class='ocrx_word' id='word_1_199' title='bbox 560 4524 704 4588; x_wconf 85' lang='lat' dir='ltr'><strong>videatur</strong></span> <span class='ocrx_word' id='word_1_200' title='bbox 737 4526 969 4591; x_wconf 71' lang='lat' dir='ltr'><strong>subsertendus</strong></span> <span class='ocrx_word' id='word_1_201' title='bbox 999 4550 1068 4592; x_wconf 89' lang='lat' dir='ltr'><strong>essa</strong></span> <span class='ocrx_word' id='word_1_202' title='bbox 1099 4530 1230 4597; x_wconf 87' lang='lat' dir='ltr'><strong>viculus</strong></span> 
     </span>
     <span class='ocr_line' id='line_1_32' title="bbox 271 4626 1229 4712; baseline 0.004 -20"><span class='ocrx_word' id='word_1_203' title='bbox 271 4628 484 4702; x_wconf 86' lang='lat' dir='ltr'><strong>sacerdotum,</strong></span> <span class='ocrx_word' id='word_1_204' title='bbox 507 4627 611 4703; x_wconf 89' lang='lat' dir='ltr'><strong>Nobe,</strong></span> <span class='ocrx_word' id='word_1_205' title='bbox 634 4626 689 4710; x_wconf 92' lang='lat' dir='ltr'><strong>qui</strong></span> <span class='ocrx_word' id='word_1_206' title='bbox 714 4626 844 4692; x_wconf 85' lang='lat' dir='ltr'><strong>vertitur</strong></span> <span class='ocrx_word' id='word_1_207' title='bbox 867 4627 899 4689; x_wconf 89' lang='lat' dir='ltr'><strong>in</strong></span> <span class='ocrx_word' id='word_1_208' title='bbox 922 4629 1079 4707; x_wconf 87' lang='lat' dir='ltr'><strong>latratum,</strong></span> <span class='ocrx_word' id='word_1_209' title='bbox 1102 4631 1229 4712; x_wconf 79' lang='lat' dir='ltr'><strong>signifi·</strong></span> 
     </span>
     <span class='ocr_line' id='line_1_33' title="bbox 271 4727 1226 4810; baseline 0.013 -22"><span class='ocrx_word' id='word_1_210' title='bbox 271 4739 385 4809; x_wconf 85' lang='lat' dir='ltr'><strong>catque</strong></span> <span class='ocrx_word' id='word_1_211' title='bbox 408 4738 570 4810; x_wconf 88' lang='lat' dir='ltr'><strong>pastorum</strong></span> <span class='ocrx_word' id='word_1_212' title='bbox 593 4727 740 4792; x_wconf 83' lang='lat' dir='ltr'><strong>ecclesiae</strong></span> <span class='ocrx_word' id='word_1_213' title='bbox 765 4727 950 4809; x_wconf 87' lang='lat' dir='ltr'><strong>diligentem</strong></span> <span class='ocrx_word' id='word_1_214' title='bbox 973 4732 1163 4809; x_wconf 88' lang='lat' dir='ltr'><strong>custodiam,</strong></span> <span class='ocrx_word' id='word_1_215' title='bbox 1185 4746 1226 4800; x_wconf 84' lang='lat' dir='ltr'><strong>ut</strong></span> 
     </span>
    </p>
   </div>
   <div class='ocr_carea' id='block_1_10' title="bbox 0 0 1654 6434">
    <p class='ocr_par' dir='ltr' id='par_1_10' title="bbox 0 0 1654 6434">
     <span class='ocr_line' id='line_1_34' title="bbox 0 0 1654 6434; baseline 0 2"><span class='ocrx_word' id='word_1_216' title='bbox 0 0 1654 6434; x_wconf 95' lang='lat' dir='ltr'><strong> </strong></span> 
     </span>
    </p>
   </div>
  </div>
 </body>
</html>
