3300 6434
306 1239 413 1319 moa]
687 1211 865 1303 arissam.
1190 1242 1253 1300 auu

303 1403 438 1469 alterurn
462 1428 481 1470 a
508 1403 649 1471 Domino
672 1403 801 1489 pendet.
855 1404 1028 1479 Quomodo
1053 1416 1160 1470 autern
1186 1404 1252 1482 ille,

302 1527 376 1571 cum
400 1528 464 1592 quo
483 1505 573 1571 vobis
594 1504 757 1590 negotium
781 1506 913 1592 geritur,
934 1505 1053 1570 amicos
1076 1518 1110 1570 at
1128 1518 1253 1571 contra·

303 1608 415 1674 hentas
430 1630 537 1673 secum
550 1608 645 1673 beare
660 1609 872 1688 consueverit,
881 1631 921 1673 ex
933 1630 997 1695 quo
1012 1608 1041 1672 ei
1057 1607 1089 1671 in
1105 1606 1252 1674 omnibus

304 1710 518 1775 voluntatibus
533 1710 607 1787 suis,
623 1710 719 1776 etiam
741 1734 814 1776 curn
837 1710 1004 1798 dispendio
1019 1709 1114 1774 larnae
1129 1722 1162 1774 et
1178 1730 1255 1773 con·

303 1811 444 1875 scientiae
459 1834 523 1876 non
538 1813 754 1899 acquiescunt,
766 1814 876 1879 multis
892 1826 980 1900 patet
995 1812 1158 1899 exemplis.
1204 1811 1254 1877 Ex

303 1934 368 2000 quo
388 1912 481 1998 longa
504 1914 720 2000 periculosius,
743 1937 840 2003 quam
863 1914 1087 1980 inconsiderati
1109 1914 1254 1979 homines

303 2014 486 2100 opinentur,
510 2039 578 2081 esse
602 2017 736 2081 arbitror
765 2017 937 2102 aliquando
966 2016 1006 2081 ad
1033 2015 1255 2102 promissiones

303 2117 373 2203 ejus
389 2118 549 2203 jacturam
572 2120 677 2183 lacere
700 2117 904 2183 conscientiae
926 2129 960 2183 et
981 2117 1164 2190 honestatis,
1181 2139 1255 2204 quoe

304 2218 330 2282 si
356 2221 455 2285 semel
479 2221 647 2301 loedantur‚
669 2221 761 2286 facile
787 2233 952 2307 nequeunt
975 2219 1123 2307 reparari.
1169 2219 1252 2285 Nam

304 2343 377 2408 quae
400 2322 432 2387 in
455 2324 607 2389 alterutro
629 2324 711 2388 fiunt
725 2322 867 2400 vulnera,
888 2325 954 2388 lere
969 2322 1099 2388 lethalia
1120 2333 1204 2401 sunt,
1221 2333 1258 2387 ut

305 2435 414 2489 tamen
429 2431 498 2509 sere
519 2425 621 2509 magis
640 2447 680 2489 ex
695 2424 880 2489 infirmitate
904 2424 1007 2489 carnis
1028 2424 1150 2489 dictum
1173 2422 1255 2488 acci·

304 2524 419 2610 piatur,
436 2549 532 2614 quarn
555 2550 594 2591 ex
612 2526 736 2613 judicio
758 2524 898 2591 rationis.
945 2526 1017 2590 Hac
1040 2524 1126 2591 enim
1145 2523 1255 2609 judice

306 2628 529 2713 perniciosiora
544 2643 628 2707 sunt,
645 2651 740 2716 quam
761 2629 827 2709 illa,
843 2651 917 2716 quae
938 2630 1075 2715 corporis
1090 2644 1124 2694 et
1139 2628 1256 2693 anirnae

304 2750 492 2817 compagem
504 2733 639 2813 solvunt,
654 2731 791 2796 Ethnico
803 2732 922 2795 nedum
935 2732 1115 2797 Christiano
1126 2729 1257 2807 dicanti,

411 2836 547 2887 Summum
558 2834 634 2886 crede
646 2832 720 2885 nefas
732 2834 845 2884 animum
857 2833 978 2903 praefcrre
990 2835 1090 2903 pudori,

409 2920 454 2983 Et,
466 2926 570 2989 propter
581 2921 670 2981 vitam,
682 2918 784 2970 vivendi
797 2918 905 2986 perdere
917 2937 1018 2971 caumas.

304 3003 403 3068 Unde
425 3003 629 3065 tutamentis
651 3002 817 3065 affectione
840 3001 987 3086 deposco,
1008 3013 1044 3066 ut
1064 3004 1089 3066 si
1113 3004 1153 3066 da
1178 3026 1256 3088 paca

304 3123 377 3167 mea
394 3116 500 3167 actum
516 3104 622 3179 luerit,
638 3090 677 3167 ea
698 3102 901 3189 provideatur
923 3103 1034 3180 forma,
1050 3103 1083 3166 in
1106 3125 1170 3190 qua
1191 3125 1255 3168 non

304 3203 484 3269 offendatur
501 3210 589 3272 Deus
604 3218 637 3270 et
652 3206 808 3281 honestas,
824 3229 921 3292 quarn
937 3229 1000 3270 non
1023 3205 1127 3271 audeo
1149 3205 1255 3271 dicere

304 3329 375 3391 ego,
399 3308 454 3373 sed
481 3309 571 3373 Deus
593 3308 672 3373 mihi
694 3310 847 3374 hactenus
869 3310 1025 3393 integram
1049 3306 1255 3384 conservavit,

303 3410 403 3476 illoesa
418 3434 544 3497 quoque
557 3411 588 3474 in
606 3424 766 3497 posterum
779 3411 864 3494 apud
880 3411 1025 3473 homines
1035 3420 1256 3473 conserveturs

303 3524 338 3578 et
352 3513 378 3577 si
390 3513 469 3577 lorte
481 3514 553 3577 tulis
568 3513 707 3596 potuerit
716 3512 862 3585 inveniri,
875 3533 967 3594 agam
982 3510 1100 3594 gratias
1116 3511 1256 3575 Domino

304 3627 339 3679 et
359 3615 459 3693 vobis,
481 3629 514 3677 ct
536 3614 693 3688 omnibus,
717 3613 771 3700 qui
794 3613 835 3676 nd
858 3613 918 3677 hoc
940 3635 1069 3699 operam
1098 3613 1255 3682 dederint.

306 3716 341 3784 Si
363 3737 438 3779 vero
460 3716 500 3779 dc
522 3715 713 3803 juramentis
738 3727 845 3779 actum
868 3716 973 3797 suerit,
996 3716 1084 3781 novit
1109 3716 1257 3783 dominus

305 3839 397 3883 meus
421 3818 596 3904 episcopus,
621 3840 717 3905 quarn
744 3818 853 3883 subtili
879 3819 1057 3884 reverentia
1081 3820 1114 3885 in
1140 3820 1257 3886 talibus

305 3934 425 3986 tenear.
466 3920 630 4008 Numquid
643 3943 719 4006 ergo
729 3923 839 4008 jurare
851 3945 975 4009 possem
991 3924 1023 3987 in
1039 3946 1078 3987 ea
1093 3924 1258 4009 proescrip·

305 4023 392 4089 tionc
407 4024 587 4105 verborum,
602 4036 658 4089 ant
678 4026 782 4110 potius
797 4026 906 4090 salutis
928 4025 1167 4111 proscriptione,
1183 4046 1257 4110 quas

306 4127 348 4193 ab
356 4128 426 4192 aliis
437 4142 472 4192 ut
482 4128 587 4203 audio,
597 4127 735 4211 exigitur
745 4140 778 4192 ct
790 4140 967 4212 praestatur,
979 4126 1033 4190 nbi
1045 4147 1104 4189 nec
1114 4126 1258 4207 Domini,

306 4248 367 4293 nec
382 4229 471 4312 legis,
487 4251 547 4292 nec
562 4229 681 4292 ordinis
698 4227 840 4292 salvandi
855 4227 931 4290 licet
953 4226 1020 4289 fieri
1037 4225 1258 4291 mentionem?

306 4330 361 4393 sed
378 4330 465 4394 etde
481 4328 763 4393 consuetudinibus
778 4328 929 4411 reprobis,
946 4340 979 4392 et
993 4327 1117 4412 legibus
1130 4328 1256 4413 ignotis,

306 4443 363 4496 aut
377 4430 630 4517 repugnantibus
645 4429 707 4513 legi
725 4429 869 4506 Domini,
884 4430 1056 4507 servandis,
1069 4430 1140 4516 quis
1154 4453 1257 4497 sacra·

306 4544 450 4597 mentum
468 4542 606 4617 praestat,
623 4532 683 4595 nisi
697 4531 820 4596 alienus
834 4554 854 4596 a
868 4531 932 4596 fida
948 4542 981 4595 et
995 4532 1138 4596 omnium
1154 4554 1258 4599 sacra·

306 4644 489 4698 mentorum
512 4630 737 4719 contemptor?
765 4654 842 4696 sane
863 4632 1069 4696 temerarium
1095 4633 1200 4710 nimis,
1223 4647 1257 4699 et

307 4734 437 4800 omnino
462 4734 670 4822 praecipitem,
696 4746 728 4799 et
758 4734 1012 4821 praecipitantem
1041 4758 1075 4800 se
1105 4736 1137 4800 in
1166 4734 1274 4802 mille-

307 4838 519 4903 damnationis
534 4837 663 4925 laqueos
685 4850 877 4924 reputarem,
893 4839 948 4924 qni
971 4860 1005 4902 se
1026 4838 1067 4902 ad
1087 4839 1257 4905 observan-
