3300 6434
418 1241 460 1299 56
675 1252 810 1298 scaurus
827 1250 1102 1297 snassnnmausrs
1217 1251 1221 1258 ·
1278 1235 1323 1315 [s.
1341 1254 1372 1298 n.

417 1404 593 1482 destinatis,
619 1396 824 1489 praecipiatis,
852 1414 1009 1486 quatenus
1038 1400 1125 1487 quod
1154 1420 1213 1465 nos
1238 1418 1373 1486 urgente

416 1505 602 1570 necessitate
617 1502 755 1589 episcopi
771 1501 858 1588 apud
874 1526 932 1566 nos
941 1503 1101 1566 exulantis
1114 1501 1261 1565 canonice
1273 1514 1374 1565 statu-

417 1628 506 1670 emus
521 1606 553 1670 in
570 1604 760 1680 Wallenses,
776 1602 836 1689 ipsi
852 1616 957 1667 ratum
973 1602 1122 1675 babeant,
1138 1614 1169 1665 et
1184 1601 1370 1667 seutentiam

418 1720 557 1772 nostram
573 1706 707 1770 firmiter
721 1705 900 1769 observent.

616 2009 839 2075 EPISTOLA
862 2010 1039 2073 LlV.—nn
1057 2028 1183 2075 nanum.

480 2154 559 2237 Regi
574 2156 759 2237 santorum,
777 2152 1027 2218 cantuariensis
1043 2152 1313 2236 Αφοὶιίφὶεσοραε.

462 2313 563 2389 QUAM
584 2310 638 2396 pla
660 2308 828 2374 devotione
850 2308 940 2373 vobis
962 2310 1134 2384 servierim,
1157 2311 1262 2376 verbis
1284 2334 1371 2375 enar·

417 2434 488 2476 rare
503 2411 700 2497 superfluum
721 2411 814 2486 duco,
830 2433 931 2497 quum
955 2411 1032 2475 mibi
1053 2411 1226 2476 multorum
1250 2426 1372 2499 tempo-

416 2535 488 2577 rum
512 2514 678 2579 manifesta
698 2535 795 2598 opera
817 2525 1019 2589 attestentur,
1035 2525 1068 2578 et
1087 2512 1162 2576 fidei
1181 2537 1260 2578 meae
1283 2515 1373 2579 testis

417 2614 451 2679 in
466 2614 547 2681 coelo
562 2615 614 2691 sit,
626 2629 658 2680 et
674 2614 872 2679 conscientiae
886 2615 1030 2679 conscius
1041 2618 1072 2678 in
1088 2614 1221 2679 excelso.
1251 2616 1372 2679 Attrita

417 2730 465 2782 est
480 2740 553 2781 caro
566 2739 647 2796 mea,
658 2730 691 2782 et
707 2730 771 2782 tam
787 2727 881 2781 aetate
891 2738 988 2801 quam
1004 2716 1167 2781 laboribus
1178 2714 1370 2802 praefatigati

421 2833 495 2884 suut
517 2832 618 2896 artus,
640 2829 673 2882 et
694 2817 854 2902 aegritudo
875 2819 983 2902 gravis
1007 2830 1039 2882 et
1065 2817 1221 2882 diuturna
1245 2818 1367 2882 dierum

417 2943 559 2987 meorum
571 2921 665 2984 finem
677 2919 710 2983 in
721 2919 810 2983 brevi
821 2917 931 2983 adesse
942 2920 1120 2986 denuntiat.
1149 2920 1367 2984 Desideratum

417 3022 473 3086 diu
483 3023 595 3087 faciem
605 3038 741 3086 vestram
754 3020 862 3085 videre
872 3021 1050 3106 sperabam,
1058 3035 1229 3107 autequam
1242 3022 1368 3096 moriar,

417 3138 450 3188 ct
464 3148 517 3188 eos
531 3147 613 3210 quos
628 3147 706 3189 meae
721 3122 874 3187 custodire
888 3124 920 3186 in
937 3145 1036 3207 regno
1053 3136 1158 3188 vestro
1172 3124 1371 3188 commenda-

416 3240 505 3291 verat
518 3229 618 3301 Deus,
636 3224 709 3311 ipso
723 3225 899 3311 inspectore
921 3237 954 3288 et
975 3236 1056 3288 teste
1077 3224 1167 3287 vobis
1188 3224 1370 3310 praesentia-

416 3325 489 3393 liter
517 3327 716 3391 decreveram
746 3324 975 3391 commendare.
1032 3326 1095 3389 Sed
1125 3327 1203 3410 quia
1231 3326 1271 3389 ed
1301 3330 1371 3413 ejus

418 3452 550 3495 examen
576 3429 672 3495 citius
702 3450 808 3508 vocor,
834 3440 908 3492 ante
937 3425 1028 3509 cujus
1054 3426 1195 3491 tribuual
1221 3426 1253 3490 in
1281 3426 1369 3491 brevi

419 3534 574 3599 stabimus
598 3555 717 3609 omnes,
745 3530 945 3597 serenitatem
973 3543 1121 3604 vestram,
1147 3528 1250 3613 regios
1275 3530 1371 3594 corde

417 3633 608 3717 provolutus
633 3632 674 3695 ad
700 3633 810 3718 pedes,
837 3630 950 3696 litteris
971 3652 1076 3694 coram
1104 3627 1244 3693 Domino
1260 3630 1372 3715 judice

418 3730 559 3792 omnium
583 3732 794 3813 praesentibus
814 3730 973 3817 alloquor,
995 3730 1152 3795 attentius
1174 3729 1370 3817 supplicans,

418 3839 456 3890 ut
478 3823 602 3887 fidelem
623 3839 775 3904 vestrum,
797 3830 890 3912 cujus
910 3832 943 3891 in
966 3852 1024 3894 vos
1045 3852 1221 3916 numquam
1244 3831 1372 3896 devotio

418 3925 533 4013 tepuit,
548 3936 693 4011 agentem
708 3925 740 3988 in
755 3928 907 3988 extremis
921 3927 1094 4007 dignemini
1109 3934 1270 3997 exaudire.
1304 3937 1373 3998 Ex·

418 4028 527 4095 audite
553 4048 672 4114 quaeso,
699 4039 737 4090 ut
762 4046 818 4087 ros
844 4025 876 4088 in
903 4027 1054 4088 extremis
1083 4031 1196 4092 vestris
1221 4034 1372 4099 exaudiat

418 4138 518 4199 Deus.
563 4127 725 4194 Exaudite
748 4149 800 4190 me
819 4148 880 4213 pro
901 4126 997 4190 domo
1017 4126 1157 4207 Domini,
1171 4144 1203 4194 et
1220 4152 1279 4215 pro
1303 4156 1373 4217 par.

418 4234 501 4299 vulis
515 4235 596 4320 ejus,
608 4254 689 4319 quos
703 4231 844 4293 humano
860 4228 1029 4293 destitutos
1044 4229 1156 4293 solatio
1171 4229 1370 4319 derelinquo,

419 4350 456 4402 ut
478 4336 608 4400 domum
632 4346 767 4398 vestram
796 4343 926 4395 tueatur
950 4328 1145 4412 albissimus,
1166 4346 1199 4398 et
1220 4335 1371 4419 parvulos

417 4451 549 4516 vestros,
572 4451 604 4501 et
631 4435 770 4499 filiorum
794 4447 970 4498 vestrorum
994 4434 1026 4497 in
1050 4457 1154 4500 aevum
1180 4436 1369 4503 consoletur.

418 4538 616 4603 Transmitto
638 4538 727 4602 vobis
749 4549 781 4601 et
804 4535 913 4599 semini
944 4550 1057 4615 vestro,
1080 4537 1329 4603 benedictionem
1352 4564 1372 4604 a

418 4640 557 4705 Domino
572 4642 651 4703 Jesu
665 4638 808 4705 Christo:
834 4652 866 4701 et
882 4661 937 4700 vos
953 4637 979 4702 si
995 4637 1099 4722 placet
1113 4638 1278 4706 destitutis
1293 4643 1370 4706 meis

419 4742 592 4826 majestatis
609 4755 720 4804 vestrae
743 4738 891 4802 solatium
912 4738 1038 4802 mittite.
1069 4741 1265 4805 Commendo
1280 4744 1370 4807 vobis

420 4856 557 4911 sanctam
573 4843 832 4908 Cantuariensem
849 4840 1023 4920 ecclesiam,
1039 4840 1080 4904 de
1094 4844 1185 4927 cujus
1201 4866 1294 4909 manu
1312 4869 1371 4930 per·
