3300 6434
370 1219 434 1278 als
628 1232 763 1279 scansis
778 1231 1056 1279 ssassnamnusrs
1228 1218 1274 1297 [a.
1291 1238 1322 1282 n

371 1385 612 1450 absconditum:
636 1384 773 1451 undeet
796 1408 907 1450 mensa
929 1385 1014 1450 Solis
1036 1385 1124 1451 dicta
1143 1399 1203 1462 est,
1223 1410 1322 1473 quam

369 1487 561 1570 Apollonius
579 1489 613 1552 in
635 1490 748 1552 sabulo
764 1488 939 1572 jacentem,
963 1486 1039 1551 dum
1066 1489 1189 1553 litteras
1213 1512 1319 1573 perse·

369 1598 525 1672 queretur,
547 1588 700 1671 inspexit.
744 1590 882 1652 Rectam
904 1586 1011 1652 adhuc
1027 1588 1099 1653 duae
1115 1591 1156 1654 de
1177 1592 1320 1675 quinque

366 1690 538 1772 propositis
575 1689 805 1774 quaestionibus
840 1689 1065 1752 absolvendas:
1105 1689 1163 1754 sed
1192 1702 1319 1774 tempus

365 1790 584 1873 respondendi
609 1791 710 1867 deest,
731 1800 765 1853 et
790 1791 905 1854 otium:
934 1812 1014 1875 quas
1037 1791 1166 1875 quidem
1193 1794 1221 1855 si
1247 1792 1316 1876 dig-

365 1894 486 1956 nationi
502 1904 612 1957 vestrae
627 1892 728 1956 visum
746 1892 841 1955 firerit
860 1892 977 1956 lubens
995 1893 1162 1976 aggrediar
1176 1896 1317 1980 meisque

364 1996 601 2059 connumerabo
638 1994 850 2071 successibus,
881 1995 907 2057 si
937 1994 1016 2057 mihi
1048 1996 1175 2058 coelitns
1206 1996 1317 2061 datum

365 2096 460 2160 suerit
474 2096 586 2159 honori
603 2107 635 2159 et
649 2094 806 2160 voluntati
820 2106 931 2158 vestrae
946 2095 979 2157 in
994 2095 1103 2179 aliquo
1118 2096 1279 2161 inservire.

467 2268 592 2321 Rusticus
605 2266 766 2334 Agricolam,
778 2264 854 2319 miles
866 2264 922 2317 fera
933 2264 1003 2317 bella
1014 2274 1156 2333 gerentem,

536 2353 674 2405 Rectorem
689 2352 774 2405 dubiae
785 2352 872 2405 navita
884 2354 978 2424 puppis
988 2358 1068 2405 amat.

360 2514 404 2576 Et
428 2514 603 2596 principem
629 2512 841 2596 philosophias
869 2514 1034 2592 cultorem,
1059 2512 1168 2598 etqui
1194 2515 1313 2579 littera·

359 2624 464 2678 torum
477 2616 613 2679 honesta
628 2613 733 2677 studia
753 2616 965 2697 amplectitur,
980 2627 1012 2678 et
1026 2617 1122 2688 fovet,
1137 2617 1310 2681 litterarum

357 2737 560 2800 possessores
581 2737 646 2779 non
668 2713 843 2779 amabunt?
883 2718 954 2779 Nec
974 2717 1100 2781 inficior
1121 2716 1199 2799 quin
1221 2719 1309 2800 prin·

358 2839 436 2901 ceps
458 2818 623 2882 illiteratus
643 2816 802 2880 interdum
824 2818 1009 2900 reipublicae
1030 2818 1217 2882 commodus
1238 2840 1308 2883 esse

356 2920 468 3003 possit,
480 2921 535 2984 sed
551 2920 592 2983 ad
607 2918 794 3004 parilitatem
806 2920 1016 2984 litteratorum
1031 2920 1057 2983 si
1072 2920 1131 2983 rito
1145 2919 1308 3005 procedat,

355 3029 489 3105 uterque
503 3033 558 3087 aut
572 3044 735 3106 nunquam
752 3021 961 3101 conscendet,
976 3032 1032 3085 aut
1046 3043 1127 3086 raro.
1173 3024 1257 3087 Nam
1273 3035 1308 3088 ut

354 3136 457 3188 vester
481 3124 524 3186 ait
549 3124 712 3205 Vegetius,
743 3124 851 3185 nullus
880 3134 930 3186 est
957 3144 1052 3207 quem
1083 3136 1231 3206 oporteat
1254 3138 1308 3189 aut

354 3224 454 3307 plura,
483 3237 538 3289 aut
573 3225 703 3287 meliora
736 3225 827 3301 scire,
864 3246 961 3307 quam
997 3225 1184 3308 principem,
1214 3227 1305 3309 cujus

353 3326 487 3390 scientia
514 3336 623 3412 potest
652 3325 802 3388 omnibus
831 3324 983 3407 prodesse
1013 3325 1176 3410 subjectis.
1230 3328 1301 3391 Nec

351 3429 480 3509 ambigo
510 3448 605 3512 super
633 3425 684 3489 his
713 3447 785 3508 quae
815 3423 868 3488 hic
899 3427 1018 3508 scripta
1047 3438 1132 3504 sunt,
1160 3424 1303 3490 diversos

350 3527 474 3594 diversa
495 3550 658 3603 censuros,
680 3525 736 3591 sed
759 3538 949 3611 assequutus
969 3549 1040 3592 sum
1066 3528 1163 3592 finem
1183 3549 1301 3606 meum,

350 3634 376 3693 si
392 3630 548 3713 placuerit
563 3632 654 3694 vobis
674 3631 819 3713 epistola,
835 3650 907 3713 quae
923 3629 1008 3692 sicut
1023 3652 1087 3693 nou
1104 3631 1201 3693 habet
1213 3628 1300 3693 unde

348 3731 474 3813 placeat
493 3752 536 3792 ex
557 3732 605 3793 sui
620 3741 796 3807 venustate,
810 3730 857 3793 sic
879 3751 919 3793 ex
942 3729 1112 3794 devotione
1129 3731 1300 3795 scribentis

349 3851 413 3893 non
444 3831 541 3893 habet
571 3831 658 3893 unde
688 3832 804 3895 debeat
833 3831 1015 3915 displicere.
1071 3834 1143 3896 Nec
1172 3833 1300 3895 illorum

348 3931 484 3996 formido
508 3931 678 4017 judicium,
707 3932 763 4015 qui
792 3944 965 4018 antequam
995 3933 1171 3998 exaudiant
1200 3945 1298 3997 teme·

346 4038 459 4101 rariam
475 4035 667 4101 sententiam
682 4037 797 4112 serunt,
813 4058 852 4098 eo
871 4036 958 4121 quod
974 4036 1106 4099 memini
1122 4035 1296 4117 Scripturas

346 4140 495 4218 dicentis,
516 4140 581 4208 Qui
599 4142 694 4222 priua
713 4140 882 4219 respondet
901 4158 998 4223 quom
1020 4136 1137 4199 audiat
1157 4137 1296 4197 stultum

343 4263 377 4305 ae
399 4263 464 4305 esse
489 4243 700 4320 demonstrat,
721 4251 752 4304 et
775 4243 961 4322 confusione
985 4240 1130 4321 dignam.
1176 4238 1295 4299 Nonne

344 4357 378 4408 et
392 4345 483 4408 robis
497 4357 608 4408 notum
627 4356 675 4407 est
696 4365 796 4426 genus
814 4344 991 4415 hominum,
1013 4361 1094 4426 quos
1114 4338 1297 4404 Salomonis

344 4448 495 4531 parabola
518 4447 629 4528 tangit,
655 4467 799 4509 asserens
825 4444 912 4528 quod
935 4446 1050 4507 stultus
1075 4464 1142 4505 non
1164 4441 1296 4524 respicit

342 4550 438 4612 rerba
463 4547 640 4632 prudentis,
665 4547 726 4609 nisi
754 4568 793 4609 ea
822 4545 942 4608 dixeris
972 4567 1044 4629 quae
1071 4553 1235 4607 versantur
1260 4542 1294 4604 in

342 4650 438 4712 corde
465 4648 557 4732 ejus?
595 4648 688 4713 'Iunc
716 4648 843 4711 demum
871 4649 998 4711 credam
1022 4646 1189 4731 parvitatis
1215 4666 1294 4707 mear

340 4749 552 4826 devotionem,
588 4742 825 4831 gloriosissime
849 4770 969 4827 comes,
1005 4769 1071 4812 non
1108 4769 1178 4811 esse
1215 4768 1294 4809 con·

340 4862 505 4932 temptam,
520 4852 546 4916 si
563 4851 684 4934 aliquid
705 4872 812 4915 eorum
836 4873 908 4933 quae
931 4849 1009 4913 mihi
1026 4848 1194 4933 possibilia
1208 4857 1293 4924 sunt,
