3300 6434
349 1212 408 1271 126
600 1220 736 1267 maurus
751 1216 1030 1263 saansanarsusrs
1201 1204 1246 1282 [A.
1264 1224 1296 1266 n.

343 1388 450 1439 autem
470 1371 611 1437 articulis
634 1370 695 1434 sibi
716 1371 839 1456 copiam
863 1369 992 1433 testium
1014 1393 1081 1435 esse
1102 1370 1239 1449 dicebat,
1254 1387 1292 1436 ut

342 1497 401 1541 nec
415 1476 457 1540 de
479 1472 681 1538 matrimonio
702 1472 793 1556 prius
816 1484 990 1548 contracto,
1005 1494 1063 1536 nec
1084 1472 1124 1536 de
1146 1472 1295 1558 interpel-

341 1579 459 1643 latione
475 1575 636 1662 sequentis
647 1572 859 1648 contubernii,
871 1593 930 1635 nec
944 1572 985 1635 de
999 1572 1137 1638 divortio
1146 1574 1294 1637 canonice

339 1680 502 1744 celebrato
531 1677 703 1764 quisquam
737 1676 838 1761 possit
867 1676 1039 1761 ambigere.
1085 1678 1130 1741 Et
1163 1677 1293 1762 quidem

343 1801 443 1866 quum
460 1802 519 1865 pro
533 1799 565 1842 se
583 1777 722 1862 plurima
735 1776 898 1859 allegaret,
914 1777 1052 1841 maxime
1075 1779 1119 1841 rei
1137 1777 1292 1863 judicatae

343 1881 506 1945 insistebat
522 1878 669 1954 articulo,
681 1891 713 1941 et
729 1877 904 1952 sententie,
917 1900 1012 1963 quam
1027 1880 1059 1941 in
1072 1880 1194 1965 synodo
1211 1882 1293 1943 Ion·

344 1983 487 2047 doniensi
512 1979 567 2045 ubi
589 1979 764 2045 divortium
782 1978 986 2054 celebratum,
1003 1994 1035 2045 et
1056 1981 1209 2045 adversus
1231 2003 1295 2045 ma·

341 2097 424 2149 trem
447 2082 591 2148 Mobiliae
613 2104 633 2145 a
654 2081 784 2145 domino
804 2080 1019 2146 Wintoniensi
1040 2096 1117 2147 tunc
1131 2082 1247 2168 legato,
1261 2096 1294 2146 et

343 2183 572 2251 londoniensis
600 2181 740 2247 ecclesiae
771 2182 888 2247 vicario
925 2183 1021 2248 latam
1059 2206 1125 2248 esse
1158 2185 1293 2249 dicebat.

343 2287 502 2352 Produxit
517 2287 612 2351 etiam
629 2297 726 2349 testes
748 2306 830 2372 quos
851 2284 952 2350 eidem
969 2286 1091 2371 synodo
1103 2301 1136 2352 et
1156 2286 1294 2352 divortio

341 2388 525 2452 interfuisse
540 2386 685 2452 asseruit.
724 2387 809 2463 Quia
821 2404 898 2469 ergo
913 2386 1003 2451 liberi
1018 2388 1073 2475 qni
1089 2406 1128 2452 ex
1144 2388 1295 2453 damnato

341 2501 375 2553 et
398 2488 510 2553 illicito
531 2488 627 2562 coitu,
650 2510 705 2551 seu
728 2509 769 2551 ex
794 2488 896 2551 effusa
916 2490 1169 2576 concupiscentia
1193 2492 1295 2575 geniti

344 2602 421 2655 sunt
434 2589 476 2652 ab
486 2588 589 2653 omnis
603 2609 734 2673 prorsus
749 2587 945 2654 baereditatis
957 2590 1107 2655 beneficio
1118 2591 1294 2655 excludun-

344 2704 410 2765 tur,
435 2712 553 2776 eosque
577 2711 635 2753 nec
660 2690 738 2774 jura
764 2689 881 2769 civilia,
906 2714 963 2755 nec
992 2692 1078 2778 leges
1106 2707 1294 2777 agnoscunt,

342 2811 566 2875 canonumque
586 2789 667 2853 adeo
692 2790 852 2876 improbat
874 2791 977 2877 vigor,
999 2807 1035 2859 ut
1060 2815 1120 2859 nec
1144 2793 1294 2856 alimenta

344 2891 504 2968 decernat,
521 2892 576 2956 sed
591 2890 831 2977 quodammodo
846 2892 916 2979 juri
935 2894 1022 2981 quod
1045 2896 1101 2959 illa
1123 2894 1293 2970 subtrahit,

344 2992 541 3079 adquiescat,
569 2993 670 3078 ipsam
697 3005 849 3079 tanquam
880 2997 1003 3081 paterni
1032 2997 1172 3063 criminis
1201 3019 1296 3081 argu-

344 3107 498 3174 mentum,
519 3113 539 3158 a
562 3095 661 3158 totius
687 3094 884 3160 haereditatis
909 3117 965 3182 ape
991 3096 1203 3163 contendebat
1229 3121 1295 3162 esse

344 3196 522 3261 arcendam.
567 3194 617 3259 Ad
639 3194 708 3258 haec
732 3195 869 3258 Mabilia
892 3196 933 3261 ad
956 3199 1152 3280 cognationi
1175 3198 1294 3263 calum·

343 3295 428 3359 niam
444 3293 663 3382 depellendam
680 3305 827 3379 parentes
842 3317 917 3359 suos
928 3296 1126 3361 Willelmum
1142 3310 1174 3362 et
1188 3297 1296 3363 Adeli-

344 3398 425 3463 ciam
451 3397 593 3484 legitime
619 3395 805 3481 conjunctos
828 3398 996 3472 asserebat,
1021 3410 1054 3462 et
1079 3402 1208 3485 nuptias
1231 3420 1295 3463 non

342 3498 566 3573 clandestinas,
579 3497 634 3562 sed
646 3496 799 3561 solemnes
809 3496 842 3560 in
851 3496 932 3562 facie
940 3497 1079 3563 ecclesiae
1089 3500 1293 3565 contraxisse.

345 3603 418 3663 Non
446 3599 583 3664 multum
615 3611 719 3662 tamen
750 3598 961 3677 inficiabatur,
988 3605 1067 3685 quin
1098 3613 1189 3685 pater
1218 3624 1296 3666 suus

347 3699 544 3775 Willelmus,
567 3715 697 3785 pactum
722 3698 979 3784 sponsalitiorum
1004 3701 1044 3767 de
1067 3701 1213 3767 Albreda
1237 3702 1297 3766 du·

344 3797 455 3873 cende,
466 3822 568 3883 quum
580 3811 670 3884 pater
680 3799 782 3883 ipsius
793 3815 965 3888 antequam
976 3802 1105 3870 duceret
1119 3804 1294 3869 Adeliciam

347 3897 492 3964 Mabiliae
516 3911 660 3972 matrem,
681 3898 797 3974 inierit,
814 3901 870 3963 sed
893 3902 975 3965 illud
1000 3904 1165 3988 usquead
1190 3904 1298 3967 matri-

347 4002 488 4067 monium
503 3998 684 4086 pervenisse
700 3999 848 4081 negabat,
860 4001 914 4066 sed
930 4003 1007 4089 quia
1018 4004 1249 4069 matrimonium
1263 4005 1295 4068 in

345 4101 561 4169 contrahendo
585 4111 617 4164 et
641 4099 850 4164 distrahendo
876 4103 1012 4168 liberum
1041 4126 1107 4168 esse
1130 4104 1226 4169 debet
1256 4106 1296 4169 de

345 4228 498 4271 consensu
519 4203 659 4290 partium
686 4214 812 4289 pactum
838 4206 1107 4291 sponsalitiorum,
1124 4221 1295 4294 utrumque

343 4308 428 4373 dixit
449 4330 515 4372 esse
539 4306 714 4381 remissum,
730 4306 818 4392 quod
842 4330 882 4371 ex
904 4332 942 4372 eo
966 4310 1101 4395 probare
1122 4311 1295 4385 nitebatur,

346 4410 433 4497 quod
450 4420 547 4473 testes
557 4407 755 4494 apparebant
770 4410 873 4494 parati
889 4413 1036 4496 probare,
1048 4412 1132 4498 patri
1147 4411 1295 4478 Albrodoe

346 4509 524 4598 pecuniam,
540 4531 635 4594 quam
655 4506 830 4573 Willelmus
849 4512 891 4576 ab
914 4537 952 4577 eo
975 4529 1136 4600 receperat
1158 4537 1225 4579 esse
1249 4537 1298 4578 re-

346 4612 469 4675 fusam:
501 4610 692 4696 adjiciebant
710 4612 805 4675 etiam
822 4613 1010 4691 Albredam,
1026 4628 1058 4680 et
1083 4630 1206 4702 patrem
1227 4618 1296 4702 ejus

344 4732 469 4773 omnem
500 4709 739 4794 obligationem,
771 4733 843 4797 quae
872 4714 1102 4794 intercesserat,
1132 4739 1173 4781 ex
1203 4737 1297 4780 causa

347 4811 549 4891 matrimonii,
565 4825 600 4876 ut
624 4816 823 4897 sperabatur,
837 4817 1019 4903 copulandi,
1035 4820 1192 4885 remisisse
1211 4816 1294 4879 Wil-
