3300 6434
460 1262 504 1321 20
722 1274 859 1320 coensis
874 1273 1149 1319 saneseaamnsrs
1319 1259 1363 1338 [i.
1382 1272 1413 1321 o.

621 1523 844 1588 EPlSTOLA
867 1523 1086 1585 XVlll.-so
1104 1540 1255 1584 eunucu.

807 1680 956 1744 Adriano
969 1681 1077 1764 Popoe.

505 1818 607 1895 Quart
631 1816 712 1881 inter
730 1814 866 1901 priorem
891 1814 931 1877 de
947 1815 1165 1893 Pritelewella,
1182 1829 1215 1881 et
1236 1816 1417 1882 Robertum

463 1906 622 2005 quendam
640 1915 853 1981 controversia
865 1938 960 2000 super
974 1917 1102 1981 ecclesia
1118 1917 1158 1980 de
1171 1919 1420 2005 wacheringiis,

460 2019 598 2106 quadam
621 2018 805 2094 collusione,
823 2030 860 2083 ut
882 2019 1047 2083 decadem
1073 2020 1206 2084 ecclesia
1219 2022 1358 2085 Ricardo
1379 2022 1420 2087 de

459 2119 565 2186 Ambli
591 2119 810 2206 praejudicium
835 2118 937 2199 fieret,
959 2133 1148 2196 verteretur,
1172 2122 1301 2186 absente
1323 2147 1361 2187 eo
1385 2137 1417 2189 et

460 2245 522 2285 nou
546 2223 654 2301 citato,
670 2218 828 2285 Ricardus
850 2220 890 2282 de
906 2220 1025 2298 Ambli,
1043 2222 1096 2307 qui
1117 2224 1262 2306 praefata
1281 2224 1419 2289 ecclesiae

460 2321 566 2385 fuerat
594 2342 763 2405 possessor,
785 2341 843 2405 per
868 2319 1011 2404 ejusdem
1038 2321 1153 2407 prioris
1177 2326 1419 2403 concessionem,

462 2419 706 2485 reclamantibus
722 2418 916 2503 quibusdam
938 2418 1059 2484 clericis
1082 2422 1225 2503 llicardi,
1240 2424 1355 2488 iterum
1372 2438 1419 2490 at·

462 2543 527 2608 que
537 2521 650 2585 iterum
664 2520 835 2584 absentiam
850 2522 1214 2606 ejus,praetendentibus
1226 2538 1256 2589 et
1271 2549 1343 2589 eum
1356 2550 1419 2591 non

463 2623 595 2686 citatum
620 2620 856 2707 objicientibus,
877 2620 1024 2685 dominus
1049 2625 1287 2706 Londoniensis,
1306 2628 1421 2692 nihilo·

409 2738 412 2743 '
462 2724 571 2787 minus
585 2746 644 2809 pro
657 2722 795 2787 Ricardo
811 2723 1000 2788 sententiam
1013 2724 1088 2788 tulit
1101 2727 1254 2791 adversus
1269 2730 1418 2816 priorem,

462 2824 517 2911 qui
536 2824 579 2889 sic
602 2824 683 2889 vinci
700 2825 864 2888 victoriam
890 2827 1059 2911 reputavit.
1105 2829 1232 2893 Deinde
1248 2855 1349 2916 quum
1372 2833 1419 2896 in-

464 2924 637 2990 continenti
648 2923 1254 3011 lactaappellatione,aclericisRicardi
1265 2928 1420 2997 deAmbli

463 3028 504 3091 ad
517 3039 656 3091 nostram
669 3026 883 3111 praesentiam,
895 3025 1042 3089 dominus
1056 3028 1285 3094 Londoniensis
1298 3047 1420 3097 senten·

463 3129 540 3195 tiam
551 3127 902 3211 suam‚missoquodam
913 3128 1420 3208 sacerdoteWillelmo,niteretur

465 3228 644 3295 executioni
675 3228 837 3303 mandare,
864 3226 966 3290 clerici
995 3230 1125 3293 llicardi
1150 3230 1327 3297 Robertum
1357 3257 1420 3298 non

463 3330 671 3406 admiserunt,
685 3351 741 3392 nec
753 3328 904 3414 injuriose
915 3329 1110 3409 restiterunt,
1123 3332 1203 3397 sicut
1216 3336 1419 3421 postmodum

462 3433 605 3499 sacerdos
628 3432 789 3497 confessus
811 3444 872 3505 est,
895 3431 949 3496 sed
974 3432 1226 3499 adversariorum
1251 3459 1364 3500 manus
1387 3438 1419 3501 vi

464 3532 713 3598 moderatissima
726 3531 919 3618 repulerunt.
945 3534 1160 3605 Quamobrem
1173 3534 1321 3600 dominus
1335 3536 1419 3598 Lon-

463 3632 630 3707 doniensis,
660 3632 771 3695 audita
801 3633 1000 3718 querimonia
1031 3634 1177 3708 Roberti,
1208 3635 1295 3720 quod
1326 3636 1357 3698 in
1384 3659 1416 3699 se

464 3755 577 3797 manus
606 3731 758 3797 violentas
787 3732 892 3797 clerici
923 3734 964 3797 de
992 3734 1110 3821 Ambly
1141 3736 1334 3822 injecissent,
1363 3761 1416 3802 eos

465 3833 670 3899 denunciavit
689 3834 999 3905 excommunicatoss
1025 3837 1068 3901 G.
1083 3837 1201 3901 scilicet
1216 3841 1420 3918 sacerdotem,

465 3939 499 4002 S.
510 3941 641 4021 A.quos
652 3934 1421 4027 licethujuscriminis[reos]crederemus,saepe·

465 4060 598 4102 numero
619 4036 842 4100 mandavimus
858 4037 987 4099 domino
1011 4036 1242 4101 Londoniensis
1262 4055 1421 4123 quatenus

465 4164 519 4205 eos
541 4162 599 4224 pro
621 4161 682 4201 non
702 4138 981 4202 excommunicatis
1004 4138 1145 4216 haberet,
1164 4150 1199 4203 ut
1221 4141 1353 4205 fuerunt
1369 4143 1421 4208 die

465 4241 686 4329 appellationis
709 4240 748 4302 ad
766 4264 822 4304 nos
844 4241 948 4314 factae,
964 4254 1018 4303 aut
1042 4240 1152 4304 saltem
1170 4257 1300 4328 accepto
1322 4266 1421 4308 sacra-

465 4358 572 4410 mento
592 4343 634 4407 ab
656 4342 702 4406 cis
717 4341 804 4426 quod
824 4341 891 4426 juri
916 4356 1075 4425 parerent,
1090 4341 1280 4406 absolveret.
1326 4344 1421 4420 Quod

464 4469 565 4534 quum
591 4447 694 4509 facere
720 4443 908 4522 distulisset,
930 4444 971 4507 ab
994 4445 1038 4507 eis
1066 4459 1310 4525 sacramentum,
1333 4447 1422 4530 quod

460 4548 584 4634 judicio
599 4548 808 4612 ecclesiastico
823 4562 981 4633 parerent,
995 4548 1188 4633 accepimus,
1201 4549 1251 4611 die
1268 4550 1326 4613 sibi
1340 4574 1423 4634 prae·

466 4649 566 4728 linito,
582 4649 767 4713 adversariis
778 4646 810 4710 in
823 4648 1012 4732 probatione
1024 4648 1255 4725 deficientibus,
1268 4666 1300 4715 et
1312 4652 1422 4717 audita

466 4773 590 4815 reorum
607 4749 807 4838 purgatione,
822 4749 863 4812 ab
879 4747 1008 4833 objecto
1030 4750 1090 4814 sibi
1105 4752 1236 4815 crimine
1252 4776 1305 4816 eos
1320 4753 1423 4816 absol-

468 4876 579 4919 vimus.
