3300 6434
460 1222 524 1281 ΜΟ
719 1232 857 1278 romara
872 1231 1150 1278 sanasuamassrs
1320 1215 1366 1295 [u
1383 1238 1418 1281 n.

456 1399 489 1451 et
517 1385 650 1450 exilium
681 1389 885 1458 sustinemus,
915 1387 995 1449 certi
1033 1386 1186 1469 quoniam
1225 1385 1333 1451 fidelis
1361 1400 1413 1452 est

456 1489 627 1565 Dominus,
643 1490 700 1573 qni
714 1511 781 1553 non
795 1488 912 1552 tentari
927 1508 988 1550 nos
1002 1487 1140 1571 patietur
1154 1510 1251 1572 snpra
1266 1489 1299 1550 id
1323 1491 1414 1574 quod

454 1614 636 1675 possumus,
651 1591 709 1655 sed
730 1591 772 1655 de
786 1592 859 1675 ipsa
873 1590 1048 1653 tentatione
1062 1590 1238 1672 profectum
1254 1592 1366 1654 miuus
1381 1607 1415 1656 et

454 1706 611 1758 anteactae
636 1694 708 1756 ritae
729 1693 917 1777 purgatione
939 1692 1054 1753 eliciet.
1099 1691 1151 1753 De
1173 1714 1224 1754 me
1246 1694 1360 1776 loquor
1381 1706 1415 1759 et

454 1794 646 1880 quibusdam
671 1795 752 1872 aliis,
767 1815 851 1879 qnos
873 1794 942 1857 scio
961 1794 997 1856 in
1020 1793 1081 1856 hac
1106 1792 1311 1858 tribulatione
1333 1817 1414 1859 con·

454 1896 614 1977 gratulari,
629 1906 665 1958 ut
687 1896 798 1958 crebro
821 1894 1026 1973 meditentur,
1042 1905 1075 1958 et
1089 1894 1199 1958 dicant
1214 1896 1262 1957 ei:
1285 1896 1413 1960 Secun-

453 1996 532 2057 dum
547 1996 787 2059 multitudinem
801 1996 944 2058 dotorum
960 2016 1100 2058 meorum
1115 1997 1151 2057 iu
1162 1996 1342 2071 corderam,
1356 2001 1414 2075 dre.

453 2097 595 2160 Patimur
617 2098 703 2161 enim
727 2119 787 2181 per
811 2098 943 2179 gratiam
970 2092 1044 2174 Dei,
1060 2118 1123 2159 non
1140 2108 1176 2159 ut
1197 2096 1331 2161 adulteri
1355 2110 1413 2162 aut

453 2197 640 2275 homicida,
653 2218 720 2260 non
736 2209 771 2260 ut
785 2195 973 2261 incendiarii
999 2207 1055 2260 aut
1075 2197 1235 2279 sacrilegi,
1249 2197 1307 2261 sed
1322 2202 1411 2262 velut

454 2298 640 2363 Christiani.
686 2300 784 2362 Hanc
811 2297 911 2361 fidem
935 2311 1075 2362 nostram
1100 2299 1257 2363 insaniam
1281 2314 1409 2385 reputat

453 2399 603 2479 mundus,
617 2413 650 2465 et
664 2402 879 2465 constantiam
894 2399 970 2464 fidei
991 2401 1202 2484 pertinaciam
1217 2414 1322 2481 vocat,
1337 2425 1412 2487 pro·

455 2502 625 2566 sessionem
640 2503 781 2567 veritatis
795 2511 830 2565 et
843 2517 919 2567 nota
934 2513 966 2566 et
987 2503 1117 2565 nomine
1131 2504 1281 2567 vanitatis
1302 2505 1412 2582 inurit,

454 2603 577 2667 cultum
593 2601 757 2685 religionis
780 2603 997 2686 appellatione
1022 2602 1201 2686 hypocrisis
1223 2614 1278 2667 aut
1301 2625 1412 2687 super-

454 2705 603 2784 stitionis,
623 2717 679 2768 aut
701 2704 831 2767 alterius
857 2704 1005 2770 falsitatis
1028 2703 1239 2769 debonestare
1264 2719 1410 2781 conatur,

454 2807 513 2871 sed
528 2808 680 2891 princeps
695 2806 920 2889 Apostolorum
936 2806 1027 2869 aliter
1049 2807 1147 2872 sentit
1161 2814 1194 2869 et
1215 2807 1410 2870 contrarium

453 2910 566 2973 docet:
590 2910 678 2972 Haee
691 2914 738 2971 est
751 2907 848 2983 enim,
865 2917 901 2970 nt
914 2907 970 2983 ait,
982 2908 1096 2986 pratia
1111 2907 1204 2988 apud
1218 2908 1410 2984 Dominum,

455 3013 532 3094 quio
548 3016 583 3075 iu
606 3012 663 3073 boc
681 3012 785 3073 vuenti
805 3011 881 3073 estis
900 3032 922 3072 u
948 3008 1085 3082 Christe,
1101 3018 1137 3071 ut
1156 3012 1339 3091 sequamini
1359 3032 1410 3073 ve-

454 3112 552 3192 stigia
573 3113 652 3190 ejus.
697 3111 765 3175 Sed
785 3116 828 3189 et,
841 3111 871 3171 ei
891 3109 970 3190 quid
988 3111 1144 3191 patimini
1159 3117 1293 3193 propter
1307 3112 1411 3191 justi·

454 3218 546 3288 tiam,
563 3212 647 3275 beuti
661 3212 761 3273 eritis.
806 3209 929 3289 Aderit,
945 3211 1062 3275 dilecte
1082 3213 1138 3284 mi,
1153 3213 1185 3274 in
1202 3214 1291 3275 brevi
1306 3214 1411 3278 aderit

453 3318 571 3383 arbiter
586 3313 850 3378 conscientiarum
866 3323 898 3375 et
913 3313 1027 3395 judex,
1042 3314 1159 3398 cuique
1173 3313 1355 3377 redditurus
1372 3327 1407 3378 ιιι

452 3421 577 3494 meruit,
607 3429 640 3480 et
661 3427 736 3480 tunc
766 3416 872 3499 palam
894 3414 961 3488 fiet,
984 3416 1138 3500 quicquid
1160 3415 1256 3479 modo
1286 3417 1405 3496 garriat

454 3523 603 3598 mundus,
619 3540 682 3604 qua
695 3529 802 3581 mente
817 3516 955 3600 quisque
971 3517 1096 3579 vixerit.
1140 3516 1272 3580 interim
1296 3538 1406 3600 quaeso

454 3624 529 3700 tuis,
554 3633 587 3686 ct
612 3630 794 3684 sanctorum
824 3639 906 3703 quos
930 3619 1026 3695 nosti,
1051 3640 1102 3681 me
1128 3619 1229 3683 facias
1258 3620 1409 3704 precibus

455 3722 609 3805 adjurari,
619 3731 664 3796 ut,
675 3723 743 3784 siin
753 3722 840 3784 invio
852 3742 933 3796 sum,
946 3718 1033 3804 qnod
1044 3742 1109 3784 non
1121 3720 1229 3800 credo,
1239 3744 1290 3785 me
1301 3721 1409 3785 Chris-

454 3832 505 3885 tus
521 3822 571 3885 ria
587 3822 744 3905 justorum
760 3824 893 3886 reducat
907 3821 949 3885 ad
971 3823 1133 3886 semitam:
1161 3824 1187 3886 si
1212 3825 1244 3887 in
1260 3826 1312 3887 ria
1327 3845 1410 3901 sum,

454 3945 505 3989 me
528 3944 586 4008 per
609 3942 760 4006 prospera
784 3924 833 3985 vel
857 3924 999 4001 adversa,
1023 3934 1058 3986 ut
1081 3924 1142 3986 sibi
1169 3926 1407 4006 beneplacitum

453 4030 560 4106 suerit,
575 4024 732 4110 perducat
748 4024 790 4088 ad
805 4026 911 4090 vitam.
957 4028 991 4091 Si
1014 4025 1203 4106 Magistrum
1228 4028 1407 4099 Galteriurn

452 4132 579 4210 videris,
594 4130 623 4195 ei
640 4151 697 4214 per
712 4139 755 4204 te,
770 4140 802 4192 et
817 4151 873 4212 per
888 4130 1009 4195 amicos
1024 4137 1297 4213 quantascumque
1315 4140 1407 4211 pote,

452 4236 495 4299 ris
511 4234 627 4316 gratias
643 4233 770 4309 reseras,
781 4245 812 4295 et
822 4234 963 4295 maxime
974 4252 1032 4315 per
1043 4228 1191 4293 comitem
1204 4228 1407 4308 Gausn'dum,

453 4358 549 4422 quem
572 4335 688 4417 diligit,
705 4345 747 4411 et,
761 4338 788 4396 si
811 4335 945 4397 facultas
967 4334 1103 4410 affuerit,
1118 4354 1190 4396 eum
1212 4332 1359 4415 recipias,
1376 4343 1408 4396 et

453 4443 493 4503 ab
509 4434 580 4502 aliis
594 4436 694 4519 recipi
710 4436 810 4499 facias
825 4445 975 4519 tanquam
993 4437 1143 4515 angelum
1167 4435 1311 4509 Domini,
1328 4457 1407 4518 qno·

452 4541 537 4603 iriam
554 4552 586 4603 et
600 4540 680 4622 ipse,
692 4547 727 4601 ιιι
741 4538 884 4615 arbitror,
897 4538 959 4601 Dei
972 4538 1118 4602 minister
1131 4531 1190 4616 est,
1201 4550 1233 4601 et
1249 4547 1405 4621 quantum

452 4642 529 4705 licet
543 4638 680 4703 incuria
695 4641 836 4702 membra
849 4639 969 4703 Christi
982 4640 1199 4723 multipliciter
1214 4639 1405 4702 consolatur.

453 4741 543 4810 Quos
558 4757 636 4821 puer
652 4738 806 4801 invenerit
821 4736 992 4821 adjutores,
1005 4738 1117 4822 quisve
1133 4739 1174 4802 sit
1188 4760 1278 4802 meus
1294 4749 1406 4811 status,

452 4859 510 4921 pro
531 4849 620 4920 parto
642 4840 758 4920 poterit
783 4839 938 4921 judicare.
985 4840 1228 4924 Imputabisquo
1259 4840 1405 4915 fortunae,
