3300 6434
420 1220 483 1279 322
686 1232 824 1276 JOANNIS
841 1228 1123 1276 ssaasaaarnusrs
1159 1275 1167 1284 ,
1288 1213 1341 1292 [n.
1362 1232 1394 1275 n.

425 1396 458 1449 et
473 1384 527 1468 qui
541 1384 627 1448 fratri
641 1384 765 1447 foveam
785 1393 886 1466 parat,
899 1383 1017 1449 incidit
1030 1383 1064 1446 in
1088 1403 1159 1446 eam
1183 1382 1287 1467 prior.
1340 1385 1391 1446 An

426 1506 492 1548 non
523 1486 711 1548 meministis
746 1484 920 1567 Scripturae
955 1485 1102 1563 dicentis,
1132 1485 1212 1569 quia
1249 1485 1393 1566 Semper

415 1590 535 1668 jurgia
549 1589 666 1671 quaerit
681 1588 799 1664 malae,
809 1588 946 1666 angelus
957 1593 1067 1648 autem
1079 1585 1223 1648 erudelis
1233 1588 1392 1651 mittetur

425 1700 539 1754 eontra
554 1687 660 1751 eum?

471 1791 550 1854 Misi
564 1791 684 1854 litteras
698 1800 817 1853 vestras
834 1788 966 1853 domino
982 1787 1219 1867 Canniariensi,
1234 1789 1296 1853 sed
1314 1791 1388 1875 quia

428 1891 580 1955 nuncium
607 1901 743 1953 vestrum
769 1889 852 1952 ultra
877 1888 993 1953 sesturn
1022 1889 1126 1951 sancti
1151 1889 1297 1971 Remigii
1322 1911 1386 1954 non

429 1992 520 2077 potui
542 1990 687 2067 retinere,
708 2009 899 2073 responsum
920 1990 992 2073 ejus
1013 1990 1157 2053 nondum
1181 2011 1386 2075 acceperam.

429 2093 561 2158 Certum
576 2090 706 2176 quidem
721 2088 871 2173 estquod
886 2090 1080 2154 officiositati
1097 2102 1211 2155 vestrae
1232 2091 1389 2175 plurimas

429 2196 526 2259 babet
546 2194 671 2276 gratias,
687 2213 766 2275 quas
781 2203 813 2255 et
828 2203 911 2273 aget,
925 2202 1055 2256 auctore
1077 2192 1232 2270 Domino,
1247 2206 1388 2278 accepto

429 2309 572 2380 tempore
602 2306 790 2378 opportuno.
851 2295 927 2358 Hoc
957 2306 1062 2357 autem
1097 2294 1137 2358 de
1166 2302 1251 2358 statu
1283 2296 1389 2379 ipsius

428 2399 524 2463 nobis
541 2397 759 2462 indubitanter
780 2405 915 2474 constet,
931 2393 1083 2479 quoniam
1105 2396 1208 2479 pluris
1228 2407 1281 2462 est
1301 2398 1389 2482 quod

428 2502 463 2563 iu
479 2500 646 2563 virtutibus
660 2509 692 2562 et
706 2498 818 2561 litteris
833 2496 1015 2581 acquisivit,
1029 2518 1127 2580 quam
1145 2497 1234 2582 quod
1248 2500 1283 2562 ei
1305 2500 1389 2580 regis

429 2609 462 2664 et
486 2599 727 2679 malignantium
757 2598 818 2660 sibi
845 2597 980 2660 extorsit
1004 2597 1202 2681 improbitas.
1256 2598 1387 2664 Confir-

429 2709 534 2764 matus
563 2710 612 2762 est
640 2700 671 2761 ei
701 2698 741 2760 de
771 2720 856 2762 novo
885 2700 1050 2783 primatus,
1079 2711 1112 2765 et
1139 2700 1387 2786 archiepiscopo

429 2798 627 2863 Eboracensi
652 2795 833 2879 injunctum
863 2809 898 2861 ut
927 2819 998 2862 eum
1029 2810 1186 2880 agnoscat
1213 2802 1387 2885 primatem

429 2919 523 2961 suum
546 2896 742 2960 exhibitione
767 2895 969 2961 obedientiae.
1015 2897 1108 2962 Idem
1131 2910 1233 2963 estet
1258 2902 1388 2983 legatus

427 3000 527 3064 totius
552 2998 676 3080 Angliae
706 3007 848 3078 excepto
875 2998 1063 3081 episcopatu
1087 3001 1303 3077 Eboraeensi‚
1328 3004 1385 3087 qui

427 3104 501 3168 ideo
527 3101 654 3165 interim
678 3100 754 3164 huic
785 3113 902 3163 uostrae
927 3100 1147 3184 jurisdictioni
1177 3104 1387 3181 subtrahitur,

428 3204 504 3288 quia
525 3200 786 3283 archiepiscopus
808 3200 1024 3264 Eboracensis
1045 3204 1168 3284 legatus
1183 3213 1233 3267 est
1255 3205 1387 3283 Scotiae,

427 3325 488 3367 nec
504 3302 587 3364 solet
602 3300 749 3363 Ecclesia
765 3300 913 3362 Romana
930 3301 1068 3385 alicujus
1082 3302 1180 3385 legati
1200 3304 1385 3370 Ecclesiam

427 3415 568 3487 tempore
600 3400 769 3482 legationis
797 3398 941 3479 indultae,
971 3404 1061 3466 alteri
1092 3405 1196 3485 legato
1225 3406 1385 3490 subjicere

427 3506 549 3571 ratione
570 3501 757 3586 legationis:
789 3500 847 3565 sed
861 3524 923 3566 nec
939 3505 1098 3569 subtrahit
1113 3505 1255 3589 quidem,
1270 3508 1297 3573 si
1319 3509 1383 3573 alio

422 3610 495 3691 jure
511 3605 655 3690 subjecta
670 3614 730 3667 est.

471 3707 592 3783 Quaerit
606 3728 664 3769 rex
679 3716 798 3784 noster,
812 3717 849 3769 ut
863 3707 1046 3770 Willelmus
1060 3707 1240 3790 Papiansis‚
1254 3720 1289 3775 et
1301 3712 1382 3776 alius

428 3808 599 3874 cardinalis
618 3807 783 3871 mittantur
805 3808 914 3889 legati,
929 3829 1060 3891 sperans
1084 3821 1120 3873 ut
1143 3832 1276 3875 causam
1297 3813 1381 3878 hanc

426 3907 468 3971 ad
483 3902 584 3990 ipsius
596 3903 753 3968 diffiniant
765 3908 971 3970 voluntatem.
1004 3909 1078 3991 Ipse
1089 3930 1175 3990 vero,
1188 3920 1225 3975 ut
1235 3915 1382 3978 voluntas

426 4031 483 4074 sua
497 4005 662 4091 procedat,
676 4006 785 4068 multis
800 4017 833 4069 et
854 4009 978 4089 magnis
997 4012 1179 4092 procuravit
1199 4013 1337 4097 injuriis,
1350 4028 1382 4079 et

425 4110 556 4195 rapinis.
602 4107 699 4172 Unde
714 4107 792 4169 mihi
809 4108 1014 4172 commodum
1030 4111 1190 4177 videretur
1204 4116 1291 4192 ut‚si
1314 4116 1383 4180 fieri

425 4221 543 4297 posset,
566 4210 792 4274 coloniensem
816 4209 1022 4289 induceretis,
1038 4224 1197 4296 quatenus
1221 4218 1283 4280 sub
1306 4238 1382 4281 con.-

425 4316 486 4378 silii
502 4312 608 4396 specie
632 4321 664 4372 et
686 4312 811 4387 amoris,
827 4332 932 4392 regem
956 4323 1109 4378 statueret
1133 4330 1245 4381 contra
1266 4319 1383 4383 faciem

426 4436 525 4491 suam,
549 4424 581 4476 et
604 4432 709 4474 causae
735 4409 939 4475 difficultates
961 4414 1153 4480 ostenderet.
1199 4419 1273 4491 Quo
1296 4421 1384 4484 enim

419 4522 501 4606 jure,
531 4538 595 4600 qua
630 4514 761 4592 ratione,
792 4536 857 4598 qua
892 4516 963 4595 lege
994 4517 1042 4579 vel
1079 4539 1215 4598 canone,
1249 4532 1386 4603 cogetur

424 4616 663 4685 cantuariensis
679 4637 808 4679 causam
825 4615 947 4697 ingredi
971 4619 1127 4699 spoliatus
1142 4629 1216 4703 post
1235 4625 1384 4706 appella·

421 4717 562 4785 tionem?
593 4739 702 4781 nonne
727 4719 757 4779 ei
783 4718 903 4782 debent
918 4728 1013 4783 antea
1034 4720 1180 4785 universa
1199 4723 1336 4802 restitui,
1351 4741 1387 4789 et

421 4844 486 4905 pax
502 4825 623 4903 integra
639 4822 810 4898 reformari,
827 4835 861 4884 et
877 4831 991 4885 caetera
1014 4844 1086 4904 quae
1110 4844 1253 4889 canones
1268 4826 1303 4889 in
1320 4828 1385 4893 hac
