<?xml version="1.0" encoding="UTF-8"?>
<!DOCTYPE html PUBLIC "-//W3C//DTD XHTML 1.0 Transitional//EN"
    "http://www.w3.org/TR/xhtml1/DTD/xhtml1-transitional.dtd">
<html xmlns="http://www.w3.org/1999/xhtml" xml:lang="en" lang="en">
 <head>
  <title>
</title>
<meta http-equiv="Content-Type" content="text/html;charset=utf-8" />
  <meta name='ocr-system' content='tesseract 3.04.00' />
  <meta name='ocr-capabilities' content='ocr_page ocr_carea ocr_par ocr_line ocrx_word'/>
</head>
<body>
  <div class='ocr_page' id='page_1' title='image "./joannissaresber14johngoog_0063.png"; bbox 0 0 3300 6434; ppageno 0'>
   <div class='ocr_carea' id='block_1_1' title="bbox 346 1276 1292 1357">
    <p class='ocr_par' dir='ltr' id='par_1_1' title="bbox 346 1276 1292 1357">
     <span class='ocr_line' id='line_1_1' title="bbox 346 1276 1292 1357; baseline -0.004 -20"><span class='ocrx_word' id='word_1_1' title='bbox 346 1276 540 1357; x_wconf 63' lang='lat' dir='ltr'>licit—60]</span> <span class='ocrx_word' id='word_1_2' title='bbox 727 1291 905 1337; x_wconf 72' lang='lat' dir='ltr'>emarcum.</span> <span class='ocrx_word' id='word_1_3' title='bbox 1251 1277 1292 1334; x_wconf 75' lang='lat' dir='ltr'>ts</span> 
     </span>
    </p>
   </div>
   <div class='ocr_carea' id='block_1_2' title="bbox 343 1440 1307 3147">
    <p class='ocr_par' dir='ltr' id='par_1_2' title="bbox 343 1440 1307 3147">
     <span class='ocr_line' id='line_1_2' title="bbox 343 1440 1293 1531; baseline -0.004 -23"><span class='ocrx_word' id='word_1_4' title='bbox 343 1457 520 1511; x_wconf 88' lang='lat' dir='ltr'>maternum</span> <span class='ocrx_word' id='word_1_5' title='bbox 546 1466 670 1531; x_wconf 91' lang='lat' dir='ltr'>semper</span> <span class='ocrx_word' id='word_1_6' title='bbox 693 1442 850 1529; x_wconf 85' lang='lat' dir='ltr'>impendit</span> <span class='ocrx_word' id='word_1_7' title='bbox 873 1441 1035 1517; x_wconf 82' lang='lat' dir='ltr'>affectum,</span> <span class='ocrx_word' id='word_1_8' title='bbox 1055 1452 1087 1505; x_wconf 86' lang='lat' dir='ltr'>et</span> <span class='ocrx_word' id='word_1_9' title='bbox 1108 1440 1139 1503; x_wconf 94' lang='lat' dir='ltr'>in</span> <span class='ocrx_word' id='word_1_10' title='bbox 1161 1442 1293 1504; x_wconf 86' lang='lat' dir='ltr'>necessi-</span> 
     </span>
     <span class='ocr_line' id='line_1_3' title="bbox 344 1538 1296 1628; baseline -0.008 -18"><span class='ocrx_word' id='word_1_11' title='bbox 344 1545 465 1610; x_wconf 88' lang='lat' dir='ltr'>tatibus</span> <span class='ocrx_word' id='word_1_12' title='bbox 492 1546 557 1610; x_wconf 88' lang='lat' dir='ltr'>suis</span> <span class='ocrx_word' id='word_1_13' title='bbox 581 1543 685 1609; x_wconf 86' lang='lat' dir='ltr'>multa</span> <span class='ocrx_word' id='word_1_14' title='bbox 709 1541 839 1628; x_wconf 88' lang='lat' dir='ltr'>pietatis</span> <span class='ocrx_word' id='word_1_15' title='bbox 866 1540 977 1606; x_wconf 84' lang='lat' dir='ltr'>solatia</span> <span class='ocrx_word' id='word_1_16' title='bbox 1000 1538 1199 1625; x_wconf 77' lang='lat' dir='ltr'><strong>dignoscitur</strong></span> <span class='ocrx_word' id='word_1_17' title='bbox 1221 1561 1296 1602; x_wconf 87' lang='lat' dir='ltr'>con·</span> 
     </span>
     <span class='ocr_line' id='line_1_4' title="bbox 344 1640 1297 1730; baseline -0.006 -22"><span class='ocrx_word' id='word_1_18' title='bbox 344 1644 471 1708; x_wconf 86' lang='lat' dir='ltr'>tulisse:</span> <span class='ocrx_word' id='word_1_19' title='bbox 503 1643 563 1730; x_wconf 90' lang='lat' dir='ltr'>ipsi</span> <span class='ocrx_word' id='word_1_20' title='bbox 591 1656 698 1708; x_wconf 91' lang='lat' dir='ltr'>autem</span> <span class='ocrx_word' id='word_1_21' title='bbox 730 1663 789 1730; x_wconf 93' lang='lat' dir='ltr'>pro</span> <span class='ocrx_word' id='word_1_22' title='bbox 820 1643 910 1706; x_wconf 89' lang='lat' dir='ltr'>bonis</span> <span class='ocrx_word' id='word_1_23' title='bbox 934 1642 1017 1706; x_wconf 89' lang='lat' dir='ltr'>mala</span> <span class='ocrx_word' id='word_1_24' title='bbox 1042 1640 1238 1714; x_wconf 89' lang='lat' dir='ltr'>retribuunt,</span> <span class='ocrx_word' id='word_1_25' title='bbox 1264 1652 1297 1702; x_wconf 88' lang='lat' dir='ltr'>et</span> 
     </span>
     <span class='ocr_line' id='line_1_5' title="bbox 344 1739 1298 1830; baseline -0.006 -22"><span class='ocrx_word' id='word_1_26' title='bbox 344 1757 523 1830; x_wconf 78' lang='lat' dir='ltr'>quaerentes</span> <span class='ocrx_word' id='word_1_27' title='bbox 554 1764 628 1830; x_wconf 85' lang='lat' dir='ltr'>quoe</span> <span class='ocrx_word' id='word_1_28' title='bbox 657 1764 716 1806; x_wconf 84' lang='lat' dir='ltr'>sua</span> <span class='ocrx_word' id='word_1_29' title='bbox 748 1753 835 1816; x_wconf 91' lang='lat' dir='ltr'>sunt,</span> <span class='ocrx_word' id='word_1_30' title='bbox 865 1748 998 1803; x_wconf 79' lang='lat' dir='ltr'>matrem</span> <span class='ocrx_word' id='word_1_31' title='bbox 1028 1762 1118 1804; x_wconf 90' lang='lat' dir='ltr'>suam</span> <span class='ocrx_word' id='word_1_32' title='bbox 1156 1739 1298 1804; x_wconf 75' lang='lat' dir='ltr'>scindere</span> 
     </span>
     <span class='ocr_line' id='line_1_6' title="bbox 346 1840 1298 1928; baseline -0.005 -20"><span class='ocrx_word' id='word_1_33' title='bbox 346 1844 529 1909; x_wconf 90' lang='lat' dir='ltr'>moliuntur.</span> <span class='ocrx_word' id='word_1_34' title='bbox 576 1843 658 1907; x_wconf 86' lang='lat' dir='ltr'>inde</span> <span class='ocrx_word' id='word_1_35' title='bbox 673 1854 720 1908; x_wconf 89' lang='lat' dir='ltr'>est</span> <span class='ocrx_word' id='word_1_36' title='bbox 735 1840 823 1928; x_wconf 91' lang='lat' dir='ltr'>quod</span> <span class='ocrx_word' id='word_1_37' title='bbox 842 1841 1019 1906; x_wconf 78' lang='lat' dir='ltr'>sanctitatis</span> <span class='ocrx_word' id='word_1_38' title='bbox 1033 1854 1147 1905; x_wconf 77' lang='lat' dir='ltr'>vestrae</span> <span class='ocrx_word' id='word_1_39' title='bbox 1162 1841 1298 1927; x_wconf 77' lang='lat' dir='ltr'>genibus</span> 
     </span>
     <span class='ocr_line' id='line_1_7' title="bbox 348 1944 1300 2034; baseline -0.004 -23"><span class='ocrx_word' id='word_1_40' title='bbox 348 1946 522 2034; x_wconf 83' lang='lat' dir='ltr'>provoluti,</span> <span class='ocrx_word' id='word_1_41' title='bbox 544 1958 664 2032; x_wconf 88' lang='lat' dir='ltr'>quanta</span> <span class='ocrx_word' id='word_1_42' title='bbox 682 1944 852 2011; x_wconf 82' lang='lat' dir='ltr'>devotione</span> <span class='ocrx_word' id='word_1_43' title='bbox 871 1965 1050 2031; x_wconf 88' lang='lat' dir='ltr'>possumus,</span> <span class='ocrx_word' id='word_1_44' title='bbox 1072 1944 1300 2031; x_wconf 86' lang='lat' dir='ltr'>supplicamus,</span> 
     </span>
     <span class='ocr_line' id='line_1_8' title="bbox 347 2046 1299 2135; baseline -0.002 -24"><span class='ocrx_word' id='word_1_45' title='bbox 347 2062 383 2113; x_wconf 92' lang='lat' dir='ltr'>ut</span> <span class='ocrx_word' id='word_1_46' title='bbox 421 2048 526 2135; x_wconf 83' lang='lat' dir='ltr'>gratia</span> <span class='ocrx_word' id='word_1_47' title='bbox 556 2060 662 2112; x_wconf 82' lang='lat' dir='ltr'>vestra</span> <span class='ocrx_word' id='word_1_48' title='bbox 691 2068 765 2134; x_wconf 82' lang='lat' dir='ltr'>quae</span> <span class='ocrx_word' id='word_1_49' title='bbox 796 2046 962 2111; x_wconf 83' lang='lat' dir='ltr'>consuevit</span> <span class='ocrx_word' id='word_1_50' title='bbox 995 2046 1109 2132; x_wconf 90' lang='lat' dir='ltr'>punire</span> <span class='ocrx_word' id='word_1_51' title='bbox 1147 2049 1299 2130; x_wconf 84' lang='lat' dir='ltr'>ingratos,</span> 
     </span>
     <span class='ocr_line' id='line_1_9' title="bbox 349 2144 1298 2233; baseline -0.005 -20"><span class='ocrx_word' id='word_1_52' title='bbox 349 2150 453 2214; x_wconf 88' lang='lat' dir='ltr'>sinum</span> <span class='ocrx_word' id='word_1_53' title='bbox 475 2146 651 2212; x_wconf 75' lang='lat' dir='ltr'>clementia</span> <span class='ocrx_word' id='word_1_54' title='bbox 670 2145 777 2233; x_wconf 82' lang='lat' dir='ltr'>dignis</span> <span class='ocrx_word' id='word_1_55' title='bbox 794 2160 827 2210; x_wconf 87' lang='lat' dir='ltr'>et</span> <span class='ocrx_word' id='word_1_56' title='bbox 846 2146 927 2210; x_wconf 90' lang='lat' dir='ltr'>bene</span> <span class='ocrx_word' id='word_1_57' title='bbox 949 2145 1144 2211; x_wconf 89' lang='lat' dir='ltr'>merentibus</span> <span class='ocrx_word' id='word_1_58' title='bbox 1165 2144 1298 2232; x_wconf 89' lang='lat' dir='ltr'>aperire,</span> 
     </span>
     <span class='ocr_line' id='line_1_10' title="bbox 347 2245 1300 2331; baseline -0.003 -18"><span class='ocrx_word' id='word_1_59' title='bbox 347 2249 509 2313; x_wconf 87' lang='lat' dir='ltr'>ecclesiam</span> <span class='ocrx_word' id='word_1_60' title='bbox 533 2247 748 2311; x_wconf 86' lang='lat' dir='ltr'>Morinensem</span> <span class='ocrx_word' id='word_1_61' title='bbox 763 2246 934 2311; x_wconf 86' lang='lat' dir='ltr'>clementer</span> <span class='ocrx_word' id='word_1_62' title='bbox 954 2245 1102 2331; x_wconf 88' lang='lat' dir='ltr'>respiciat</span> <span class='ocrx_word' id='word_1_63' title='bbox 1118 2257 1150 2311; x_wconf 86' lang='lat' dir='ltr'>et</span> <span class='ocrx_word' id='word_1_64' title='bbox 1166 2259 1300 2311; x_wconf 88' lang='lat' dir='ltr'>conatus</span> 
     </span>
     <span class='ocr_line' id='line_1_11' title="bbox 350 2346 1302 2434; baseline -0.001 -20"><span class='ocrx_word' id='word_1_65' title='bbox 350 2351 525 2415; x_wconf 74' lang='lat' dir='ltr'>manifestas</span> <span class='ocrx_word' id='word_1_66' title='bbox 555 2348 740 2415; x_wconf 80' lang='lat' dir='ltr'>ambitionis</span> <span class='ocrx_word' id='word_1_67' title='bbox 768 2359 912 2413; x_wconf 82' lang='lat' dir='ltr'>evacuet.</span> <span class='ocrx_word' id='word_1_68' title='bbox 969 2346 1113 2412; x_wconf 82' lang='lat' dir='ltr'>Dextera</span> <span class='ocrx_word' id='word_1_69' title='bbox 1142 2348 1302 2434; x_wconf 82' lang='lat' dir='ltr'>siquidem</span> 
     </span>
     <span class='ocr_line' id='line_1_12' title="bbox 350 2449 1302 2538; baseline -0.001 -21"><span class='ocrx_word' id='word_1_70' title='bbox 350 2452 524 2538; x_wconf 88' lang='lat' dir='ltr'>apostolica</span> <span class='ocrx_word' id='word_1_71' title='bbox 544 2464 668 2516; x_wconf 86' lang='lat' dir='ltr'>teneras</span> <span class='ocrx_word' id='word_1_72' title='bbox 686 2451 901 2538; x_wconf 75' lang='lat' dir='ltr'>plantationes</span> <span class='ocrx_word' id='word_1_73' title='bbox 919 2451 1033 2536; x_wconf 78' lang='lat' dir='ltr'>gratiss</span> <span class='ocrx_word' id='word_1_74' title='bbox 1055 2473 1122 2517; x_wconf 77' lang='lat' dir='ltr'>sum</span> <span class='ocrx_word' id='word_1_75' title='bbox 1141 2449 1302 2516; x_wconf 88' lang='lat' dir='ltr'>beneficiis</span> 
     </span>
     <span class='ocr_line' id='line_1_13' title="bbox 352 2553 1303 2641; baseline -0.001 -23"><span class='ocrx_word' id='word_1_76' title='bbox 352 2554 479 2641; x_wconf 85' lang='lat' dir='ltr'>irrigare</span> <span class='ocrx_word' id='word_1_77' title='bbox 495 2553 671 2630; x_wconf 87' lang='lat' dir='ltr'>consuevit,</span> <span class='ocrx_word' id='word_1_78' title='bbox 688 2566 723 2617; x_wconf 91' lang='lat' dir='ltr'>ut</span> <span class='ocrx_word' id='word_1_79' title='bbox 739 2553 907 2639; x_wconf 80' lang='lat' dir='ltr'>proficiant</span> <span class='ocrx_word' id='word_1_80' title='bbox 922 2565 953 2617; x_wconf 89' lang='lat' dir='ltr'>et</span> <span class='ocrx_word' id='word_1_81' title='bbox 968 2574 1105 2627; x_wconf 87' lang='lat' dir='ltr'>omnem,</span> <span class='ocrx_word' id='word_1_82' title='bbox 1117 2575 1157 2617; x_wconf 86' lang='lat' dir='ltr'>ne</span> <span class='ocrx_word' id='word_1_83' title='bbox 1171 2575 1303 2617; x_wconf 88' lang='lat' dir='ltr'>marces-</span> 
     </span>
     <span class='ocr_line' id='line_1_14' title="bbox 351 2655 1301 2735; baseline -0.005 -13"><span class='ocrx_word' id='word_1_84' title='bbox 351 2671 426 2722; x_wconf 88' lang='lat' dir='ltr'>cant</span> <span class='ocrx_word' id='word_1_85' title='bbox 446 2672 502 2722; x_wconf 90' lang='lat' dir='ltr'>aut</span> <span class='ocrx_word' id='word_1_86' title='bbox 522 2655 684 2735; x_wconf 83' lang='lat' dir='ltr'>deficiant,</span> <span class='ocrx_word' id='word_1_87' title='bbox 705 2655 920 2719; x_wconf 88' lang='lat' dir='ltr'>concussionis</span> <span class='ocrx_word' id='word_1_88' title='bbox 942 2656 1116 2720; x_wconf 85' lang='lat' dir='ltr'>molestiam</span> <span class='ocrx_word' id='word_1_89' title='bbox 1137 2678 1301 2720; x_wconf 81' lang='lat' dir='ltr'>amovere:</span> 
     </span>
     <span class='ocr_line' id='line_1_15' title="bbox 353 2755 1304 2846; baseline -0.001 -23"><span class='ocrx_word' id='word_1_90' title='bbox 353 2758 440 2846; x_wconf 91' lang='lat' dir='ltr'>quod</span> <span class='ocrx_word' id='word_1_91' title='bbox 456 2759 597 2844; x_wconf 88' lang='lat' dir='ltr'>quidem,</span> <span class='ocrx_word' id='word_1_92' title='bbox 613 2756 638 2822; x_wconf 93' lang='lat' dir='ltr'>si</span> <span class='ocrx_word' id='word_1_93' title='bbox 653 2756 766 2843; x_wconf 88' lang='lat' dir='ltr'>placet,</span> <span class='ocrx_word' id='word_1_94' title='bbox 784 2768 874 2820; x_wconf 91' lang='lat' dir='ltr'>tanto</span> <span class='ocrx_word' id='word_1_95' title='bbox 891 2755 1014 2841; x_wconf 87' lang='lat' dir='ltr'>justius</span> <span class='ocrx_word' id='word_1_96' title='bbox 1033 2755 1166 2834; x_wconf 83' lang='lat' dir='ltr'>facietis,</span> <span class='ocrx_word' id='word_1_97' title='bbox 1182 2769 1304 2843; x_wconf 89' lang='lat' dir='ltr'>quanto</span> 
     </span>
     <span class='ocr_line' id='line_1_16' title="bbox 353 2858 1307 2945; baseline -0.001 -21"><span class='ocrx_word' id='word_1_98' title='bbox 353 2858 533 2925; x_wconf 85' lang='lat' dir='ltr'>fiducialius</span> <span class='ocrx_word' id='word_1_99' title='bbox 563 2871 710 2945; x_wconf 82' lang='lat' dir='ltr'>speratur</span> <span class='ocrx_word' id='word_1_100' title='bbox 739 2858 828 2943; x_wconf 90' lang='lat' dir='ltr'>quod</span> <span class='ocrx_word' id='word_1_101' title='bbox 855 2858 1043 2923; x_wconf 85' lang='lat' dir='ltr'>venerabilis</span> <span class='ocrx_word' id='word_1_102' title='bbox 1071 2859 1170 2924; x_wconf 84' lang='lat' dir='ltr'>frater</span> <span class='ocrx_word' id='word_1_103' title='bbox 1199 2871 1307 2924; x_wconf 88' lang='lat' dir='ltr'>noster</span> 
     </span>
     <span class='ocr_line' id='line_1_17' title="bbox 355 2960 1305 3048; baseline -0.002 -21"><span class='ocrx_word' id='word_1_104' title='bbox 355 2963 448 3039; x_wconf 90' lang='lat' dir='ltr'>Milo,</span> <span class='ocrx_word' id='word_1_105' title='bbox 478 2963 535 3048; x_wconf 91' lang='lat' dir='ltr'>qui</span> <span class='ocrx_word' id='word_1_106' title='bbox 567 2974 676 3025; x_wconf 87' lang='lat' dir='ltr'>sancto</span> <span class='ocrx_word' id='word_1_107' title='bbox 711 2960 829 3026; x_wconf 90' lang='lat' dir='ltr'>Miloni</span> <span class='ocrx_word' id='word_1_108' title='bbox 860 2961 891 3024; x_wconf 93' lang='lat' dir='ltr'>in</span> <span class='ocrx_word' id='word_1_109' title='bbox 921 2960 1123 3047; x_wconf 80' lang='lat' dir='ltr'>episcopatus</span> <span class='ocrx_word' id='word_1_110' title='bbox 1156 2962 1305 3030; x_wconf 85' lang='lat' dir='ltr'>successit</span> 
     </span>
     <span class='ocr_line' id='line_1_18' title="bbox 356 3062 1272 3147; baseline -0.002 -19"><span class='ocrx_word' id='word_1_111' title='bbox 356 3063 475 3145; x_wconf 86' lang='lat' dir='ltr'>sedem,</span> <span class='ocrx_word' id='word_1_112' title='bbox 490 3064 522 3127; x_wconf 92' lang='lat' dir='ltr'>in</span> <span class='ocrx_word' id='word_1_113' title='bbox 539 3062 736 3127; x_wconf 84' lang='lat' dir='ltr'>sanctitatem</span> <span class='ocrx_word' id='word_1_114' title='bbox 754 3084 885 3147; x_wconf 87' lang='lat' dir='ltr'>quoque</span> <span class='ocrx_word' id='word_1_115' title='bbox 900 3064 1094 3127; x_wconf 79' lang='lat' dir='ltr'>succederet</span> <span class='ocrx_word' id='word_1_116' title='bbox 1110 3066 1272 3128; x_wconf 82' lang='lat' dir='ltr'>virtutem.</span> 
     </span>
    </p>
   </div>
   <div class='ocr_carea' id='block_1_3' title="bbox 527 3396 1136 3613">
    <p class='ocr_par' dir='ltr' id='par_1_3' title="bbox 527 3396 1136 3613">
     <span class='ocr_line' id='line_1_19' title="bbox 527 3396 1136 3460; baseline -0.003 -1"><span class='ocrx_word' id='word_1_117' title='bbox 527 3397 747 3460; x_wconf 82' lang='lat' dir='ltr'><strong>EPISTOLA</strong></span> <span class='ocrx_word' id='word_1_118' title='bbox 770 3396 967 3460; x_wconf 75' lang='lat' dir='ltr'>XLIL—nn</span> <span class='ocrx_word' id='word_1_119' title='bbox 983 3413 1136 3460; x_wconf 77' lang='lat' dir='ltr'>susurru.</span> 
     </span>
     <span class='ocr_line' id='line_1_20' title="bbox 595 3530 1064 3613; baseline -0.009 -19"><span class='ocrx_word' id='word_1_120' title='bbox 595 3533 735 3594; x_wconf 81' lang='lat' dir='ltr'>Domino</span> <span class='ocrx_word' id='word_1_121' title='bbox 750 3532 856 3613; x_wconf 82' lang='lat' dir='ltr'>Pcpae</span> <span class='ocrx_word' id='word_1_122' title='bbox 871 3530 1064 3595; x_wconf 79' lang='lat' dir='ltr'>Alaaandro.</span> 
     </span>
    </p>
   </div>
   <div class='ocr_carea' id='block_1_4' title="bbox 358 3659 1313 4958">
    <p class='ocr_par' dir='ltr' id='par_1_4' title="bbox 358 3659 1313 4958">
     <span class='ocr_line' id='line_1_21' title="bbox 401 3659 1307 3748; baseline -0.001 -21"><span class='ocrx_word' id='word_1_123' title='bbox 401 3665 535 3736; x_wconf 70' lang='lat' dir='ltr'>Quattrt</span> <span class='ocrx_word' id='word_1_124' title='bbox 563 3682 613 3723; x_wconf 89' lang='lat' dir='ltr'>me</span> <span class='ocrx_word' id='word_1_125' title='bbox 636 3660 770 3736; x_wconf 87' lang='lat' dir='ltr'>faciunt,</span> <span class='ocrx_word' id='word_1_126' title='bbox 797 3659 853 3744; x_wconf 90' lang='lat' dir='ltr'>qui</span> <span class='ocrx_word' id='word_1_127' title='bbox 883 3683 916 3724; x_wconf 87' lang='lat' dir='ltr'>se</span> <span class='ocrx_word' id='word_1_128' title='bbox 941 3662 1021 3724; x_wconf 88' lang='lat' dir='ltr'>mais</span> <span class='ocrx_word' id='word_1_129' title='bbox 1047 3660 1195 3746; x_wconf 87' lang='lat' dir='ltr'>precibus</span> <span class='ocrx_word' id='word_1_130' title='bbox 1220 3662 1307 3748; x_wconf 87' lang='lat' dir='ltr'>apud</span> 
     </span>
     <span class='ocr_line' id='line_1_22' title="bbox 358 3758 1307 3848; baseline 0.002 -24"><span class='ocrx_word' id='word_1_131' title='bbox 358 3761 556 3847; x_wconf 88' lang='lat' dir='ltr'>majestatem</span> <span class='ocrx_word' id='word_1_132' title='bbox 577 3770 712 3822; x_wconf 85' lang='lat' dir='ltr'>vestram</span> <span class='ocrx_word' id='word_1_133' title='bbox 735 3758 901 3824; x_wconf 84' lang='lat' dir='ltr'>confidunt</span> <span class='ocrx_word' id='word_1_134' title='bbox 924 3780 1016 3845; x_wconf 88' lang='lat' dir='ltr'>posse</span> <span class='ocrx_word' id='word_1_135' title='bbox 1033 3759 1163 3848; x_wconf 84' lang='lat' dir='ltr'>juvari!</span> <span class='ocrx_word' id='word_1_136' title='bbox 1186 3761 1307 3828; x_wconf 90' lang='lat' dir='ltr'>utinam</span> 
     </span>
     <span class='ocr_line' id='line_1_23' title="bbox 358 3856 1308 3947; baseline 0.006 -26"><span class='ocrx_word' id='word_1_137' title='bbox 358 3858 436 3921; x_wconf 87' lang='lat' dir='ltr'>milri</span> <span class='ocrx_word' id='word_1_138' title='bbox 451 3857 508 3922; x_wconf 86' lang='lat' dir='ltr'>fiat</span> <span class='ocrx_word' id='word_1_139' title='bbox 531 3856 704 3921; x_wconf 88' lang='lat' dir='ltr'>secundum</span> <span class='ocrx_word' id='word_1_140' title='bbox 722 3857 818 3922; x_wconf 87' lang='lat' dir='ltr'>verba</span> <span class='ocrx_word' id='word_1_141' title='bbox 838 3863 963 3924; x_wconf 90' lang='lat' dir='ltr'>eorum!</span> <span class='ocrx_word' id='word_1_142' title='bbox 1003 3859 1049 3925; x_wconf 86' lang='lat' dir='ltr'>Et</span> <span class='ocrx_word' id='word_1_143' title='bbox 1071 3858 1201 3945; x_wconf 90' lang='lat' dir='ltr'>quidem</span> <span class='ocrx_word' id='word_1_144' title='bbox 1221 3861 1308 3947; x_wconf 91' lang='lat' dir='ltr'>apud</span> 
     </span>
     <span class='ocr_line' id='line_1_24' title="bbox 358 3957 1310 4045; baseline 0.008 -25"><span class='ocrx_word' id='word_1_145' title='bbox 358 3982 416 4024; x_wconf 81' lang='lat' dir='ltr'>vos</span> <span class='ocrx_word' id='word_1_146' title='bbox 452 3957 643 4024; x_wconf 87' lang='lat' dir='ltr'>fiducialiter</span> <span class='ocrx_word' id='word_1_147' title='bbox 673 3981 746 4045; x_wconf 87' lang='lat' dir='ltr'>ago,</span> <span class='ocrx_word' id='word_1_148' title='bbox 777 3980 840 4023; x_wconf 91' lang='lat' dir='ltr'>non</span> <span class='ocrx_word' id='word_1_149' title='bbox 870 3959 910 4022; x_wconf 90' lang='lat' dir='ltr'>de</span> <span class='ocrx_word' id='word_1_150' title='bbox 940 3982 1083 4025; x_wconf 87' lang='lat' dir='ltr'>meorum</span> <span class='ocrx_word' id='word_1_151' title='bbox 1121 3964 1310 4029; x_wconf 87' lang='lat' dir='ltr'>conscientia</span> 
     </span>
     <span class='ocr_line' id='line_1_25' title="bbox 361 4058 1310 4147; baseline 0.004 -23"><span class='ocrx_word' id='word_1_152' title='bbox 361 4060 560 4137; x_wconf 89' lang='lat' dir='ltr'>meritorum,</span> <span class='ocrx_word' id='word_1_153' title='bbox 591 4058 645 4124; x_wconf 90' lang='lat' dir='ltr'>sed</span> <span class='ocrx_word' id='word_1_154' title='bbox 675 4058 715 4123; x_wconf 90' lang='lat' dir='ltr'>de</span> <span class='ocrx_word' id='word_1_155' title='bbox 741 4074 848 4125; x_wconf 87' lang='lat' dir='ltr'>vestra</span> <span class='ocrx_word' id='word_1_156' title='bbox 877 4061 1075 4146; x_wconf 85' lang='lat' dir='ltr'>benignitate</span> <span class='ocrx_word' id='word_1_157' title='bbox 1104 4085 1310 4147; x_wconf 68' lang='lat' dir='ltr'>praesumens,</span> 
     </span>
     <span class='ocr_line' id='line_1_26' title="bbox 359 4162 1309 4251; baseline 0.005 -25"><span class='ocrx_word' id='word_1_158' title='bbox 359 4186 482 4249; x_wconf 86' lang='lat' dir='ltr'>semper</span> <span class='ocrx_word' id='word_1_159' title='bbox 503 4164 706 4227; x_wconf 86' lang='lat' dir='ltr'>reminiscens</span> <span class='ocrx_word' id='word_1_160' title='bbox 723 4184 797 4227; x_wconf 92' lang='lat' dir='ltr'>cum</span> <span class='ocrx_word' id='word_1_161' title='bbox 817 4163 939 4249; x_wconf 82' lang='lat' dir='ltr'>gaudio</span> <span class='ocrx_word' id='word_1_162' title='bbox 958 4176 990 4226; x_wconf 91' lang='lat' dir='ltr'>et</span> <span class='ocrx_word' id='word_1_163' title='bbox 1012 4162 1219 4239; x_wconf 87' lang='lat' dir='ltr'>exultatione,</span> <span class='ocrx_word' id='word_1_164' title='bbox 1235 4188 1309 4251; x_wconf 80' lang='lat' dir='ltr'>quae</span> 
     </span>
     <span class='ocr_line' id='line_1_27' title="bbox 359 4262 1310 4349; baseline 0.005 -24"><span class='ocrx_word' id='word_1_165' title='bbox 359 4275 579 4349; x_wconf 88' lang='lat' dir='ltr'>processerunt</span> <span class='ocrx_word' id='word_1_166' title='bbox 595 4262 636 4326; x_wconf 93' lang='lat' dir='ltr'>de</span> <span class='ocrx_word' id='word_1_167' title='bbox 648 4263 740 4328; x_wconf 87' lang='lat' dir='ltr'>labiis</span> <span class='ocrx_word' id='word_1_168' title='bbox 752 4263 1013 4348; x_wconf 84' lang='lat' dir='ltr'>vestris,quando</span> <span class='ocrx_word' id='word_1_169' title='bbox 1029 4266 1190 4330; x_wconf 84' lang='lat' dir='ltr'>Ferentini</span> <span class='ocrx_word' id='word_1_170' title='bbox 1207 4288 1310 4330; x_wconf 88' lang='lat' dir='ltr'>arcam</span> 
     </span>
     <span class='ocr_line' id='line_1_28' title="bbox 359 4363 1310 4450; baseline 0.006 -25"><span class='ocrx_word' id='word_1_171' title='bbox 359 4364 558 4439; x_wconf 85' lang='lat' dir='ltr'>futurorum,</span> <span class='ocrx_word' id='word_1_172' title='bbox 585 4363 741 4427; x_wconf 89' lang='lat' dir='ltr'>annulum</span> <span class='ocrx_word' id='word_1_173' title='bbox 767 4364 933 4450; x_wconf 91' lang='lat' dir='ltr'>proprium</span> <span class='ocrx_word' id='word_1_174' title='bbox 959 4364 1038 4428; x_wconf 90' lang='lat' dir='ltr'>milri</span> <span class='ocrx_word' id='word_1_175' title='bbox 1062 4367 1252 4445; x_wconf 88' lang='lat' dir='ltr'>contulistis,</span> <span class='ocrx_word' id='word_1_176' title='bbox 1279 4380 1310 4431; x_wconf 91' lang='lat' dir='ltr'>et</span> 
     </span>
     <span class='ocr_line' id='line_1_29' title="bbox 360 4462 1313 4552; baseline 0.006 -27"><span class='ocrx_word' id='word_1_177' title='bbox 360 4463 512 4527; x_wconf 88' lang='lat' dir='ltr'>balteum.</span> <span class='ocrx_word' id='word_1_178' title='bbox 560 4463 614 4527; x_wconf 86' lang='lat' dir='ltr'>Ab</span> <span class='ocrx_word' id='word_1_179' title='bbox 640 4462 696 4525; x_wconf 91' lang='lat' dir='ltr'>illo</span> <span class='ocrx_word' id='word_1_180' title='bbox 720 4486 798 4548; x_wconf 86' lang='lat' dir='ltr'>ergo</span> <span class='ocrx_word' id='word_1_181' title='bbox 821 4463 875 4526; x_wconf 87' lang='lat' dir='ltr'>die</span> <span class='ocrx_word' id='word_1_182' title='bbox 901 4470 1025 4550; x_wconf 84' lang='lat' dir='ltr'>speravi</span> <span class='ocrx_word' id='word_1_183' title='bbox 1050 4488 1174 4552; x_wconf 88' lang='lat' dir='ltr'>semper</span> <span class='ocrx_word' id='word_1_184' title='bbox 1193 4468 1225 4530; x_wconf 92' lang='lat' dir='ltr'>in</span> <span class='ocrx_word' id='word_1_185' title='bbox 1253 4467 1313 4548; x_wconf 90' lang='lat' dir='ltr'>his,</span> 
     </span>
     <span class='ocr_line' id='line_1_30' title="bbox 360 4564 1310 4654; baseline 0.007 -27"><span class='ocrx_word' id='word_1_186' title='bbox 360 4564 424 4627; x_wconf 88' lang='lat' dir='ltr'>scio</span> <span class='ocrx_word' id='word_1_187' title='bbox 439 4587 495 4649; x_wconf 84' lang='lat' dir='ltr'>per</span> <span class='ocrx_word' id='word_1_188' title='bbox 509 4564 757 4628; x_wconf 88' lang='lat' dir='ltr'>misericordiam</span> <span class='ocrx_word' id='word_1_189' title='bbox 773 4565 904 4629; x_wconf 90' lang='lat' dir='ltr'>Domini</span> <span class='ocrx_word' id='word_1_190' title='bbox 920 4579 1069 4644; x_wconf 85' lang='lat' dir='ltr'>vestram,</span> <span class='ocrx_word' id='word_1_191' title='bbox 1082 4568 1231 4654; x_wconf 88' lang='lat' dir='ltr'>quoniam</span> <span class='ocrx_word' id='word_1_192' title='bbox 1248 4592 1310 4634; x_wconf 91' lang='lat' dir='ltr'>non</span> 
     </span>
     <span class='ocr_line' id='line_1_31' title="bbox 360 4665 1311 4753; baseline 0.006 -25"><span class='ocrx_word' id='word_1_193' title='bbox 360 4665 548 4729; x_wconf 87' lang='lat' dir='ltr'>confundar.</span> <span class='ocrx_word' id='word_1_194' title='bbox 594 4668 647 4730; x_wconf 84' lang='lat' dir='ltr'>Ex</span> <span class='ocrx_word' id='word_1_195' title='bbox 669 4678 746 4730; x_wconf 88' lang='lat' dir='ltr'>tuno</span> <span class='ocrx_word' id='word_1_196' title='bbox 766 4666 850 4731; x_wconf 90' lang='lat' dir='ltr'>lator</span> <span class='ocrx_word' id='word_1_197' title='bbox 872 4668 1075 4753; x_wconf 81' lang='lat' dir='ltr'>praesentium</span> <span class='ocrx_word' id='word_1_198' title='bbox 1097 4669 1215 4734; x_wconf 86' lang='lat' dir='ltr'>amicus</span> <span class='ocrx_word' id='word_1_199' title='bbox 1234 4670 1311 4734; x_wconf 88' lang='lat' dir='ltr'>milri</span> 
     </span>
     <span class='ocr_line' id='line_1_32' title="bbox 362 4768 1311 4845; baseline 0.006 -16"><span class='ocrx_word' id='word_1_200' title='bbox 362 4768 481 4845; x_wconf 89' lang='lat' dir='ltr'>extitit,</span> <span class='ocrx_word' id='word_1_201' title='bbox 512 4768 584 4834; x_wconf 91' lang='lat' dir='ltr'>licet</span> <span class='ocrx_word' id='word_1_202' title='bbox 615 4769 708 4833; x_wconf 80' lang='lat' dir='ltr'>bonae</span> <span class='ocrx_word' id='word_1_203' title='bbox 742 4769 901 4835; x_wconf 73' lang='lat' dir='ltr'>memoria</span> <span class='ocrx_word' id='word_1_204' title='bbox 940 4771 1081 4836; x_wconf 91' lang='lat' dir='ltr'>Henrioo</span> <span class='ocrx_word' id='word_1_205' title='bbox 1119 4773 1311 4838; x_wconf 85' lang='lat' dir='ltr'>Eboracensi</span> 
     </span>
     <span class='ocr_line' id='line_1_33' title="bbox 363 4868 1312 4958; baseline 0.006 -27"><span class='ocrx_word' id='word_1_206' title='bbox 363 4868 613 4957; x_wconf 84' lang='lat' dir='ltr'>archiepiscopo,</span> <span class='ocrx_word' id='word_1_207' title='bbox 635 4873 691 4957; x_wconf 92' lang='lat' dir='ltr'>qui</span> <span class='ocrx_word' id='word_1_208' title='bbox 715 4895 765 4936; x_wconf 89' lang='lat' dir='ltr'>me</span> <span class='ocrx_word' id='word_1_209' title='bbox 789 4874 1051 4958; x_wconf 84' lang='lat' dir='ltr'>persequebatur,</span> <span class='ocrx_word' id='word_1_210' title='bbox 1077 4890 1112 4940; x_wconf 92' lang='lat' dir='ltr'>ut</span> <span class='ocrx_word' id='word_1_211' title='bbox 1139 4875 1235 4954; x_wconf 88' lang='lat' dir='ltr'>scitis,</span> <span class='ocrx_word' id='word_1_212' title='bbox 1257 4874 1312 4939; x_wconf 86' lang='lat' dir='ltr'>ad-</span> 
     </span>
    </p>
   </div>
   <div class='ocr_carea' id='block_1_5' title="bbox 0 0 1687 6434">
    <p class='ocr_par' dir='ltr' id='par_1_5' title="bbox 0 0 1687 6434">
     <span class='ocr_line' id='line_1_34' title="bbox 0 0 1687 6434; baseline 0 0"><span class='ocrx_word' id='word_1_213' title='bbox 0 0 1687 6434; x_wconf 95' lang='lat' dir='ltr'> </span> 
     </span>
    </p>
   </div>
  </div>
 </body>
</html>
