3300 6434
426 1186 486 1248 iao
691 1203 826 1247 roratis
842 1201 1117 1248 sinasaumnxsrs
1285 1188 1330 1267 [Α.
1348 1208 1380 1249 o.

425 1351 589 1438 praesentis
608 1364 771 1418 contractu
792 1352 943 1438 conjugii,
966 1367 999 1417 et
1019 1377 1117 1439 quum
1141 1354 1378 1420 matrimonium

422 1478 592 1520 consensus
626 1455 751 1531 efficiat,
789 1456 942 1541 quicquid
980 1457 1012 1520 in
1047 1458 1195 1542 injuriam
1234 1458 1376 1543 legitime

423 1558 634 1643 praecedent-is
657 1581 828 1623 consensus
851 1571 1081 1645 praesumptum
1106 1573 1165 1637 est,
1189 1582 1305 1624 nexum
1326 1561 1376 1625 in-

423 1660 631 1745 separabilem
654 1661 765 1746 prioris
785 1661 980 1724 matrimonii
1002 1684 1064 1724 non
1086 1661 1236 1729 dissolvit.
1284 1664 1380 1738 Quod

424 1763 449 1826 si
472 1763 598 1827 carnale
625 1764 863 1839 commercium,
888 1775 921 1827 et
946 1787 985 1828 ex
1011 1787 1050 1828 eo
1077 1778 1231 1850 concepta
1256 1767 1380 1831 soboles

424 1865 539 1929 exinde
555 1878 664 1930 contra
682 1865 778 1929 fidem
795 1865 934 1950 conjugii
951 1881 1182 1951 processerunt,
1196 1889 1260 1932 non
1277 1890 1316 1931 ex
1344 1892 1383 1932 eo

425 1966 585 2031 inficiatur
606 1968 755 2053 primum,
779 1968 835 2031 sed
861 1969 1023 2054 sequentis
1048 1969 1248 2033 contubernii
1275 1984 1380 2035 reatus

425 2070 578 2153 arguitur.
626 2070 719 2134 Patet
735 2091 821 2153 ergo,
837 2070 989 2157 quicquid
1006 2072 1118 2155 egerit,
1134 2084 1190 2137 aut
1209 2073 1310 2149 scivit,
1327 2086 1383 2139 aut

427 2172 506 2237 scire
522 2172 645 2249 debuit,
661 2173 717 2237 sed
733 2195 792 2237 nec
808 2173 915 2237 liberis
931 2174 1000 2259 ejus
1016 2176 1164 2259 prodesse
1180 2175 1286 2252 debet,
1302 2177 1327 2240 si
1343 2200 1382 2241 ex

426 2275 591 2359 privilegio
605 2275 735 2339 militari
749 2275 808 2339 sibi
824 2275 947 2339 licitum
963 2299 1031 2340 esse
1046 2277 1227 2352 crediderit,
1244 2296 1279 2342 ut
1295 2291 1379 2343 recte

426 2377 590 2461 agentium
617 2378 692 2442 fidei
719 2379 851 2463 impune
877 2379 1044 2444 illuderet:
1077 2379 1158 2444 forte
1185 2380 1210 2444 si
1237 2394 1383 2446 materna

426 2492 588 2565 peteretur
614 2480 793 2563 hereditas,
816 2481 924 2545 liberis
950 2482 1085 2568 prospici
1113 2497 1236 2568 poterat
1261 2484 1294 2547 iu
1321 2484 1380 2548 hac

426 2595 525 2667 parte,
549 2604 587 2646 eo
610 2584 696 2670 quod
719 2596 822 2647 mater
843 2596 991 2669 potuerat
1013 2585 1045 2648 in
1068 2585 1284 2649 contrahendo
1304 2609 1379 2650 con·

421 2684 513 2769 jugio
535 2684 693 2749 sinistram
717 2685 944 2756 conscientiam
968 2708 1031 2750 non
1057 2686 1184 2750 habere.
1233 2688 1278 2750 At
1304 2688 1381 2773 quia

426 2787 467 2850 de
490 2800 621 2872 paterna
643 2788 839 2852 successione
862 2787 976 2871 agitur,
999 2788 1095 2873 patris
1117 2788 1243 2853 fallacia
1261 2811 1382 2875 nequa-

426 2913 522 2976 quam
538 2892 646 2957 liberis
661 2892 858 2975 suffragatur,
876 2891 975 2977 parcit
989 2892 1150 2956 interdum
1169 2894 1380 2957 mansuetudo

426 2993 534 3078 legum
555 2997 613 3072 his,
629 2998 670 3061 ab
686 2996 866 3080 ignorantia
885 2994 1070 3075 convinctis,
1084 2996 1140 3082 qui
1161 2996 1282 3062 ratione
1307 3020 1381 3082 cog·

427 3099 563 3163 nationis
577 3100 617 3163 ab
635 3098 772 3163 invicem
793 3112 990 3183 separantur,
1006 3099 1186 3186 liberosque
1206 3122 1316 3165 eorum
1340 3101 1381 3166 ab

426 3200 566 3281 infamia,
582 3214 614 3266 et
635 3201 830 3265 haereditatis
849 3201 968 3264 damno
989 3200 1114 3278 liberat,
1137 3224 1216 3287 quas
1235 3201 1380 3266 ecclesiae

426 3325 484 3389 per
498 3303 708 3387 ignorantiam
724 3302 899 3388 detemptae
915 3302 1080 3388 conjungit
1097 3303 1277 3368 auctoritas.
1317 3306 1382 3368 Sed

424 3406 458 3470 in
474 3430 527 3471 eos
542 3407 626 3492 rigor
639 3406 747 3491 legum
768 3420 801 3470 et
822 3407 991 3472 Cauonum
1007 3419 1185 3483 exercetur,
1203 3406 1257 3493 qui
1279 3407 1381 3471 inces-

425 3522 525 3586 tuose,
556 3523 612 3575 aut
641 3510 750 3574 illicite
781 3522 908 3585 coeunt,
935 3509 1083 3585 scienter,
1109 3508 1182 3594 jure
1212 3508 1320 3571 divino
1349 3523 1383 3573 et

426 3609 566 3675 humano
581 3612 699 3697 pariter
710 3611 908 3697 prohibente.
937 3611 1058 3675 Contra
1071 3610 1139 3674 haec
1152 3632 1223 3695 pars
1236 3610 1380 3676 illabiliae

426 3714 528 3776 multa
556 3716 718 3799 proposuit
743 3716 776 3779 in
803 3714 987 3798 suffragium
1015 3714 1174 3779 rationum
1201 3727 1235 3778 et
1260 3712 1380 3798 legum,

426 3813 535 3877 multis
550 3818 699 3881 utebatur
714 3817 869 3904 exemplis
891 3818 1012 3894 diceus,
1030 3816 1234 3902 impossibile.
1251 3829 1308 3882 aut
1322 3817 1384 3882 dil·

427 3914 614 3993 licillimum,
627 3931 662 3982 ut
672 3919 763 3982 liberi
775 3920 857 4003 regis
869 3920 1075 3994 Francorum,
1085 3918 1295 4004 aliorumque,
1305 3942 1384 4007 ques

426 4019 644 4101 nominabant,
658 4021 973 4111 exhaereditarentur,
988 4019 1029 4082 ob
1045 4018 1104 4083 hoc
1120 4020 1206 4104 quod
1223 4020 1306 4083 inter
1325 4044 1399 4105 pa··

426 4136 531 4186 rentes
545 4144 654 4186 eorum
671 4124 712 4187 sit
726 4123 897 4187 divortium
917 4120 1060 4204 legitime
1081 4118 1296 4183 celebratum:
1320 4144 1381 4185 nec

426 4235 533 4287 tamen
558 4227 642 4289 inter
667 4240 813 4311 parentes
836 4248 907 4289 suos
933 4224 1103 4288 divortium
1131 4221 1273 4306 legitime
1297 4223 1382 4287 cele-

425 4327 551 4391 bratum
569 4352 639 4414 pars
659 4329 803 4393 Mabiliae
825 4329 995 4402 fatebatur,
1012 4326 1086 4412 jura
1106 4347 1233 4412 quoque
1254 4325 1382 4390 dicebat

427 4433 573 4515 proniora
603 4432 643 4495 ad
673 4432 917 4506 absolutionem,
946 4429 1122 4516 praescrtim
1150 4429 1379 4503 innocentium,

426 4554 504 4617 quos
533 4533 677 4618 iniquum
707 4545 757 4596 est
786 4533 891 4596 alieno
920 4532 1038 4595 delicto
1072 4530 1292 4596 condemnari:
1331 4553 1381 4594 se-

426 4635 622 4719 parationem
649 4658 724 4699 vero
751 4635 783 4698 in
811 4635 930 4720 synodo
961 4634 1177 4698 londoniensi
1207 4657 1226 4697 a
1251 4632 1382 4696 domino

430 4736 638 4802 Wintoniensi
654 4761 716 4802 non
733 4738 852 4802 factum
869 4756 907 4799 eo
923 4736 1084 4800 nitebatur
1102 4736 1280 4817 ostendere,
1296 4736 1381 4820 quod

427 4854 599 4925 antequam
615 4841 752 4925 synodus
774 4840 840 4917 illa,
857 4861 952 4924 quarn
973 4838 1070 4902 solam
1091 4840 1159 4922 jam
1181 4839 1284 4902 dictus
1299 4835 1380 4921 epis-
