3300 6434
474 1206 537 1270 288
730 1222 866 1267 suenrus
881 1220 1156 1287 sanassasnsnsrs
1334 1200 1379 1281 [a.
1397 1221 1428 1265 u.

478 1376 668 1441 necessitate
683 1376 845 1453 coexulat,
860 1374 965 1437 acrius
977 1374 1120 1438 videatur
1136 1395 1255 1456 urgere.
1287 1374 1429 1437 Domino

478 1487 583 1539 tamen
599 1487 731 1556 urgente

618 1598 743 1653 Nondum
754 1598 818 1652 cedo
830 1598 915 1663 malis,
927 1598 974 1652 sed
985 1605 1074 1652 contu
1084 1598 1220 1652 audentior
1231 1598 1283 1662 ibo,

618 1683 707 1745 Quam
719 1699 778 1735 mea
790 1700 834 1735 me
845 1680 949 1735 fortuna
960 1683 1038 1735 sinat.

477 1797 553 1860 Scio
568 1804 676 1860 autem
691 1795 780 1879 quod
803 1795 844 1858 de
861 1796 998 1859 consilio
1013 1806 1117 1860 vestro
1133 1797 1254 1858 nullam
1277 1795 1428 1876 recipiam

476 1896 705 1972 conditionem,
735 1918 806 1981 quae
837 1898 888 1961 vel
926 1897 1069 1981 speciem
1106 1897 1224 1961 babeat
1257 1898 1430 1961 inhonesti.

477 1996 639 2060 Dominus
660 1997 883 2083 interimque
907 1999 1088 2063 necessaria
1108 2000 1235 2077 fuerint,
1250 1999 1334 2062 sicut
1352 1996 1429 2060 iecit

475 2098 640 2177 hactenus,
656 2098 845 2182 providebit.
891 2100 929 2162 In
946 2099 1068 2163 ratione
1083 2098 1149 2163 dati
1164 2110 1196 2163 et
1210 2099 1335 2181 accepti
1350 2119 1430 2182 pau·

476 2198 614 2263 cissimis
628 2208 751 2276 teneor,
763 2198 821 2262 sed
837 2200 945 2263 abbati
962 2220 1032 2262 meo
1048 2210 1082 2262 et
1093 2201 1183 2264 robis
1198 2221 1293 2284 super
1308 2220 1432 2275 omnes,

477 2312 509 2364 et
524 2300 589 2365 fere
605 2300 693 2363 solis.

489 2561 709 2627 EPISTOLA
732 2563 1261 2628 CXLIX.-Joannrssannacas1
1277 2583 1321 2627 sn
1336 2582 1415 2626 uso.

607 2682 763 2727 rosunsu
779 2684 822 2728 nn
838 2683 1050 2728 sasssnama.
1077 2666 1121 2746 [s.
1140 2685 1171 2729 n.
1190 2665 1298 2745 llus]

524 2800 687 2872 Quorsum
709 2798 886 2882 prudentias
909 2811 1021 2864 vestrae
1045 2801 1257 2865 sinceritatem
1283 2802 1315 2862 in
1337 2800 1429 2863 libris

480 2900 567 2963 beuti
597 2901 745 2984 Dionysii
774 2900 932 2985 perpendi
959 2902 1124 2982 delectari,
1147 2902 1263 2968 librum
1292 2901 1359 2988 ejus
1387 2900 1429 2965 de

482 3001 640 3081 Angelica
654 3001 844 3066 Hierarchia
854 3015 966 3065 vestrae
978 3004 1124 3067 transtuli
1141 3004 1278 3068 caritati.
1317 3005 1432 3066 Fateor

481 3112 588 3166 tamen
604 3103 779 3183 elegantias
799 3125 850 3167 me
865 3103 1042 3167 dictionum
1063 3104 1267 3168 eruditissimi
1282 3114 1314 3167 et
1329 3103 1431 3168 diser·

482 3203 596 3266 tissimi
625 3203 683 3264 viri
714 3204 857 3267 oratione
887 3206 1000 3267 Latina
1028 3204 1207 3290 exprimere
1236 3205 1430 3290 nequivisse.

484 3306 569 3368 Nam
596 3304 681 3388 apud
709 3306 842 3369 Graecos
868 3306 1016 3390 quaedam
1043 3308 1291 3392 compositiones
1310 3307 1432 3370 inveni·

483 3415 587 3484 untur,
603 3404 721 3489 quibus
740 3405 902 3487 eleganter
923 3416 955 3469 et
976 3407 1102 3490 proprie
1123 3429 1173 3470 res
1193 3406 1434 3489 significantur;

483 3506 571 3590 apud
586 3506 720 3571 Latinos
741 3520 847 3571 autem
868 3506 989 3571 eaedem
1010 3528 1061 3570 res
1079 3505 1206 3571 duabus
1221 3519 1275 3571 aut
1289 3506 1434 3591 pluribus

486 3607 682 3673 dictionibus
706 3609 902 3691 ineleganter
927 3620 961 3671 et
985 3608 1156 3691 improprie
1182 3620 1216 3671 et
1239 3607 1432 3690 quandoque

482 3707 710 3772 insufficienter
720 3711 938 3792 designantur.
969 3708 1019 3773 Ad
1029 3709 1336 3784 commendationem
1346 3710 1430 3772 enim

483 3809 620 3893 alicujus
634 3831 779 3892 personae
796 3813 846 3875 rel
868 3812 997 3876 alterius
1011 3812 1054 3874 rei
1070 3814 1180 3895 pulcre
1201 3812 1326 3875 articuli
1346 3809 1433 3894 apud

484 3930 540 3974 eos
561 3921 755 3994 repetuntur,
778 3922 810 3974 et
832 3934 889 3995 per
912 3913 1042 3978 eosdem
1062 3914 1211 3978 articulos
1236 3915 1343 3976 multae
1363 3933 1433 3975 ora·

482 4014 586 4078 tiones
600 4013 663 4078 sibi
674 4013 812 4077 invicem
824 4016 982 4098 perpolite
996 4025 1238 4080 connectuntur.
1268 4014 1375 4075 Taceo
1391 4012 1432 4073 de
1492 4069 1495 4074 ,

480 4116 598 4199 insigni
628 4114 868 4180 constructione
897 4115 1137 4199 participiorum
1170 4128 1202 4179 et
1233 4112 1430 4177 infinitorum

482 4218 685 4282 articulorum
709 4217 962 4303 conjunctorum.
1014 4216 1212 4302 Hujusmodi
1235 4227 1341 4279 autem
1369 4214 1432 4276 ele·

481 4321 598 4403 gantiae
613 4320 699 4403 apud
712 4320 846 4383 Latinos
861 4319 1073 4404 nequiverunt
1087 4319 1234 4382 inveniri
1265 4313 1434 4397 Contingit

482 4423 567 4487 enim
591 4420 677 4506 quod
700 4422 728 4485 si
751 4420 910 4484 dictiones
933 4443 972 4483 eo
997 4420 1108 4484 ordine
1129 4443 1194 4506 quo
1218 4432 1292 4484 sunt
1317 4419 1432 4501 positas

479 4524 718 4596 transferantur,
739 4533 795 4584 aut
816 4520 988 4584 difficulter
1009 4522 1236 4604 intelligantur,
1258 4530 1314 4584 aut
1335 4519 1431 4583 aliam

481 4625 669 4688 sententiam
689 4624 794 4686 facere
816 4621 991 4685 videantur.
1035 4624 1087 4686 Ea
1111 4635 1251 4708 propter,
1276 4621 1332 4685 ubi
1354 4641 1431 4683 con-

481 4746 593 4808 gruum
609 4723 700 4799 duxi,
717 4724 897 4789 dictionum
918 4724 1063 4788 ordinem
1078 4725 1285 4797 conservavi3
1310 4719 1432 4786 alicubi

478 4846 552 4888 vero
578 4831 708 4911 propter
733 4825 908 4889 faciliorem
938 4826 1136 4890 intellectum
1168 4826 1313 4889 ordinem
1346 4844 1433 4887 com-
