3300 6434
353 1238 549 1316 {lna-61]
736 1252 915 1296 nersrona.
1257 1233 1296 1291 71

346 1407 429 1467 niam
446 1427 520 1490 pars
536 1404 604 1467 baec
619 1402 767 1487 pluribus
777 1413 824 1465 est
840 1413 871 1463 et
887 1398 1070 1464 melioribus
1084 1408 1223 1483 accepta,
1237 1396 1292 1459 sed

344 1528 412 1567 eam
430 1506 647 1570 vehementius
663 1516 806 1567 tuentur.

662 1775 885 1840 EPISTOLA
908 1775 977 1837 LX.

388 1924 522 1984 Sonans
547 1920 746 2005 pigmentarii
773 1920 915 1983 diversas
937 1919 1056 2006 species
1082 1915 1293 1991 commiscere,

344 2043 477 2083 acumen
500 2021 710 2106 pungentium
735 2021 778 2084 sic
800 2020 947 2104 mitigare
970 2018 1105 2094 lenibus,
1125 2031 1157 2081 et
1179 2018 1294 2082 amaris

344 2140 581 2208 contemperare
593 2123 710 2202 dulcia,
719 2136 755 2187 nt
767 2145 868 2208 quum
881 2122 913 2185 in
925 2143 1016 2184 novae
1027 2120 1140 2205 speciei
1149 2141 1294 2204 saporem

345 2235 377 2285 et
403 2222 569 2287 efficaciam
597 2223 779 2303 coaluerint,
805 2223 953 2286 universa
978 2221 1171 2295 dulcescant,
1194 2233 1227 2283 et
1253 2219 1295 2283 ad

346 2322 579 2386 subversionem
593 2324 745 2385 mentium
758 2320 932 2384 efficaciora
947 2319 1010 2383 sint
1026 2322 1184 2393 universa,
1196 2340 1293 2403 quam

348 2421 481 2506 singula.
529 2424 601 2485 Hoc
623 2434 728 2484 autem
751 2435 784 2485 et
806 2420 924 2484 idcirco
946 2420 1028 2483 forte
1050 2419 1168 2502 saepius
1189 2419 1294 2483 evenit

346 2523 434 2606 quod
451 2546 487 2585 ea
502 2545 576 2607 quae
590 2522 732 2587 dulciora
747 2534 834 2601 sunt,
849 2535 1020 2585 sumuntur
1038 2520 1174 2599 avidius,
1188 2533 1220 2584 et
1235 2522 1294 2583 im·

349 2623 523 2686 moderatio
534 2624 713 2688 sobrietatis
724 2636 842 2686 metam
851 2623 981 2700 deserit,
990 2645 1091 2708 quum
1103 2623 1224 2687 hostem
1237 2622 1295 2707 qui

348 2722 476 2785 minime
487 2737 697 2808 praecavetur,
709 2724 813 2809 gratia
828 2722 1004 2786 dulcedinis
1015 2721 1198 2787 introducit.
1244 2724 1296 2786 Tu

347 2823 477 2908 quidem
494 2848 534 2888 an
553 2825 784 2908 pigmentarius
807 2824 1000 2910 quandoque
1015 2824 1126 2901 fueris,
1141 2825 1297 2888 incertum

349 2924 462 3000 habeo,
477 2939 583 2989 certus
604 2925 752 3010 equidem
776 2926 863 3011 qnod
885 2924 1112 3009 pigmentarios
1132 2924 1165 2987 in
1188 2922 1297 3009 aliquo

349 3023 494 3104 imitaris,
508 3024 534 3087 si
550 3039 652 3088 tamen
672 3040 757 3091 recte
779 3026 894 3089 diceris
915 3023 1044 3100 imitari,
1061 3047 1142 3109 quos
1164 3024 1194 3086 in
1218 3047 1297 3109 qua·

349 3124 495 3187 rumdam
507 3126 701 3189 confectione
716 3127 890 3211 specierum
905 3126 1020 3189 videris
1034 3126 1152 3189 rectius
1167 3128 1298 3190 anteire.

351 3228 396 3289 Et
412 3226 494 3290 forte
508 3226 581 3291 ideo
604 3227 795 3311 praecedenti
809 3240 966 3291 autumno
980 3227 1083 3291 ranas
1100 3226 1163 3289 vini
1179 3226 1299 3310 species

349 3327 502 3407 coemisti,
516 3350 652 3413 quarum
675 3332 832 3415 coemptio
854 3342 886 3392 et
908 3328 1128 3413 comportatio,
1153 3327 1245 3403 (sicut
1268 3337 1299 3388 te

351 3428 428 3491 mibi
444 3429 603 3514 scripsisse
618 3429 734 3511 recolo)
759 3451 887 3514 operam
912 3442 998 3492 tuam
1022 3451 1041 3490 a
1062 3426 1209 3509 gerendis
1230 3426 1300 3490 aliis

350 3529 534 3593 avocabant.
586 3529 647 3591 Sed
678 3528 751 3592 licet
780 3549 911 3591 manum
933 3528 1072 3610 vulgaris
1098 3526 1300 3610 pigmentarii

350 3627 542 3712 dedigneris,
555 3628 695 3709 linguam
712 3640 817 3690 tamen
828 3637 860 3687 et
875 3625 1031 3687 calamum
1047 3646 1146 3709 quum
1160 3625 1300 3690 universi

351 3728 492 3811 pulveris
513 3725 728 3812 pigmentarii,
744 3726 801 3811 qui
824 3738 930 3788 tamen
952 3723 1175 3811 philosophum
1198 3725 1301 3808 decet,

352 3827 415 3889 vim
431 3825 604 3902 redoleant,
617 3847 818 3912 nequaquam
836 3824 971 3889 sufficies
985 3813 1155 3891 excusare:
1179 3848 1252 3889 nam
1266 3839 1299 3892 et

351 3926 480 4012 loquela
505 3941 561 3991 tua
585 3926 786 3991 manifestum
814 3941 846 3991 te
872 3926 960 4003 facit,
986 3938 1019 3990 et
1048 3925 1299 3991 dissimulantem

351 4029 467 4112 pagina
482 4051 585 4115 nuper
599 4026 675 4090 mihi
687 4028 781 4091 missa
794 4027 963 4093 convincit.
998 4032 1034 4091 In
1051 4028 1187 4091 amicum
1205 4028 1302 4113 siqui-

351 4129 423 4193 dem
446 4129 628 4215 imperitum
652 4152 793 4193 sermone
819 4147 852 4192 et
879 4128 1009 4192 scientia
1035 4128 1196 4211 ingenium
1219 4127 1301 4192 illud

353 4231 550 4294 Lexoviense
569 4231 682 4307 exeris,
699 4230 840 4313 linguam
864 4229 951 4291 acuis
974 4229 1212 4304 Lexoviensem‚
1228 4250 1300 4292 cnm

349 4351 417 4413 qua
431 4351 595 4413 nunquam
613 4350 740 4391 manum
756 4336 918 4392 conserere
933 4327 1010 4390 mihi
1033 4330 1230 4414 propositum
1253 4342 1301 4393 eet

352 4430 393 4491 ab
415 4428 516 4503 initio,
532 4442 563 4491 et
579 4428 665 4491 velut
684 4438 790 4490 orator
812 4440 1003 4512 prepotens,
1020 4449 1104 4490 nunc
1125 4442 1181 4493 tua
1204 4428 1302 4492 stabi·

353 4529 441 4602 liene,
458 4550 542 4590 nunc
563 4528 729 4591 destruens
743 4527 855 4601 aliena,
874 4526 950 4589 mibi
965 4548 1091 4591 omnem
1112 4528 1302 4593 defensionis

352 4627 522 4715 praecludis
538 4627 633 4702 viam,
648 4641 680 4692 et
701 4627 833 4713 quidem
856 4628 1012 4713 praeclusa
1027 4641 1119 4708 esset,
1135 4643 1169 4693 ut
1185 4630 1302 4695 mutire

351 4750 414 4791 non
430 4748 565 4812 possem,
576 4726 602 4790 si
618 4727 843 4811 occupationes
858 4748 943 4789 meas
954 4727 1093 4791 novisses
1108 4728 1147 4792 ad
1165 4730 1304 4815 plenum.

349 4827 413 4891 Sed
425 4828 457 4892 in
469 4849 506 4890 eo
521 4827 601 4890 bene
612 4849 686 4890 cum
699 4825 911 4912 simplicibus,
924 4825 985 4889 mei
1001 4826 1119 4893 scilicet
1138 4828 1304 4907 similibus,
