3300 6434
419 1238 480 1296 394
662 1250 798 1295 tonnus
816 1246 1095 1295 ssussssntsnsrs
1284 1228 1337 1308 [s.
1356 1249 1386 1292 n.
1539 1221 1546 1316 ξ

1538 1337 1543 1482 l

418 1425 527 1467 nonne
549 1404 777 1487 philosophum
800 1402 963 1465 doctorem
984 1402 1171 1478 honestatis,
1186 1422 1385 1485 praeconem

419 1506 578 1589 evangelii
593 1505 741 1588 pudebit,
756 1506 783 1568 si
794 1527 814 1568 a
825 1504 989 1569 mundana
1003 1504 1197 1587 supellectili
1210 1505 1383 1588 opprima·

419 1620 480 1684 tur,
496 1629 590 1692 quem
601 1608 729 1688 gentilis
743 1618 840 1689 poeta
852 1604 1064 1689 contempsit?
1096 1607 1201 1689 Spero
1217 1617 1332 1668 autem
1347 1605 1381 1667 in

421 1705 667 1791 Domino,quod
683 1704 846 1769 devotioni
862 1720 971 1769 restrae
987 1705 1078 1769 dabit
1089 1706 1380 1790 opportunitatem,

420 1821 457 1874 nt
470 1809 520 1872 vel
536 1809 570 1870 in
586 1808 729 1871 consiliis
744 1819 776 1869 et
790 1808 823 1869 in
838 1807 1110 1890 inquisitionibus,
1119 1809 1170 1871 vel
1186 1808 1252 1871 alio
1269 1807 1379 1884 modo,

420 1920 517 1994 prout
530 1909 684 1993 expedire
696 1908 796 1983 novit,
806 1909 938 1991 possitis
953 1930 1026 1971 cnm
1041 1907 1253 1972 indemnitate
1263 1921 1377 1987 restra,

420 2014 453 2075 in
470 2012 599 2074 auribus
618 2010 810 2094 principum,
826 2009 868 2072 ad
885 2021 1021 2074 vestram
1036 2023 1069 2074 et
1083 2010 1210 2074 illorum
1227 2013 1380 2088 salutem,

420 2136 478 2198 pro
501 2114 631 2177 veritate
653 2112 759 2175 faeere
781 2113 924 2186 verbum,
947 2125 980 2175 et
1005 2112 1134 2195 spiritus
1156 2113 1258 2195 patris
1281 2114 1378 2177 vestri

419 2216 620 2299 promovebit
644 2213 734 2276 illud.
779 2214 850 2275 Nee
876 2213 1014 2276 retardet
1032 2235 1099 2293 sos,
1125 2214 1210 2277 siin
1235 2216 1381 2278 ecclesia

421 2314 693 2380 Romanavidetis
708 2310 828 2396 aliquid
839 2312 1100 2395 reprehensibile,
1111 2314 1168 2397 qui
1183 2315 1381 2378 meministis

421 2419 455 2480 in
482 2417 647 2498 evangelio
671 2414 853 2477 mandatum
875 2435 946 2477 esse
968 2414 1130 2489 fidelibus,
1150 2427 1188 2478 ut
1211 2436 1281 2479 non
1308 2416 1380 2478 imi·

420 2531 527 2581 tentur
541 2539 639 2601 opera
659 2516 837 2580 sedentium
861 2516 894 2577 iu
917 2515 1069 2580 cathedra
1086 2517 1207 2599 Moysi,
1221 2516 1285 2580 sed
1300 2516 1378 2581 doc·

420 2620 536 2681 trinam
565 2639 675 2680 eorum
706 2618 856 2701 operibus
886 2618 1050 2701 impleant.
1095 2619 1219 2696 Valete,
1251 2630 1286 2682 et
1314 2619 1378 2683 mei

422 2740 546 2801 semper
560 2718 709 2781 memoris
724 2717 830 2794 vestri,
845 2740 942 2799 quam
956 2720 1094 2784 amicum
1109 2718 1215 2798 decet,
1230 2720 1381 2784 habeatis

421 2840 617 2884 memoriam.

425 3132 644 3197 EPISTOLA
669 3133 974 3196 cmxxvi-n>
989 3150 1148 3198 nostran
1164 3153 1192 3197 s.
1207 3152 1380 3200 annuunt.

790 3234 834 3313 [s.
847 3254 877 3297 υ.
898 3233 1007 3313 1166.]

473 3390 592 3454 Abbati
605 3391 712 3453 sancti
726 3390 901 3453 Edmundi
913 3393 1060 3456 loannes
1074 3394 1114 3458 de
1130 3394 1332 3460 Sareeherio.

468 3528 672 3591 Ctosuonsu
698 3528 730 3589 in
761 3526 897 3608 epistola
925 3526 966 3590 ad
991 3528 1182 3592 Marcellum
1212 3532 1378 3615 scripsisse

424 3628 563 3705 memini,
586 3629 663 3712 quia
685 3629 840 3712 sapientis
864 3628 989 3711 judicio
1013 3631 1107 3693 refert
1128 3631 1303 3714 plurimum
1326 3635 1376 3698 cui

424 3730 497 3811 quis
522 3731 689 3810 obligetur,
714 3742 746 3793 et
770 3729 898 3791 honesti
923 3728 980 3789 viri
1006 3743 1218 3811 praegravatur
1242 3735 1377 3813 animus,

426 3828 573 3910 quotiens
589 3852 674 3905 eum,
686 3842 740 3893 aut
754 3830 798 3892 rei
810 3829 971 3892 familiaris
987 3832 1144 3912 angustia,
1156 3844 1211 3897 aut
1223 3836 1377 3900 articulus

426 3928 577 4011 temporis
597 3929 642 3991 illi
668 3932 836 3993 constituit
855 3931 1040 4009 debitorem,
1056 3956 1152 4017 quem
1168 3937 1247 4000 ratio
1262 3937 1377 4002 hones·

425 4030 499 4094 tatis
520 4041 576 4093 aut
598 4052 718 4093 morum
742 4032 851 4094 titulus
874 4034 936 4096 coli
959 4034 1118 4117 prohibet,
1132 4048 1164 4099 ot
1178 4040 1287 4102 amari.
1333 4043 1379 4109 Et

425 4133 487 4195 hoe
512 4132 652 4215 quidem,
681 4146 715 4195 ut
738 4134 879 4210 arbitror,
906 4135 1075 4215 eleganter,
1100 4150 1132 4200 et
1157 4160 1230 4203 rere
1253 4140 1378 4205 dictum

425 4248 483 4310 est,
499 4234 586 4316 qnod
609 4236 635 4297 si
657 4235 794 4298 fideliter
816 4235 1018 4313 exaudiatur,
1038 4259 1097 4302 nec
1117 4260 1137 4302 a
1156 4252 1276 4305 naturae
1300 4264 1380 4306 con·

424 4334 563 4396 sortibus
591 4335 752 4397 vinculum
783 4334 941 4397 subtrahit
971 4337 1120 4410 caritatis,
1147 4360 1206 4403 nee
1233 4354 1379 4407 contem·

424 4434 563 4517 platione
580 4436 731 4499 naturalis
751 4436 915 4509 consortii,
932 4437 1045 4500 erroris
1065 4461 1193 4524 quoque
1208 4444 1382 4527 participa-

424 4535 509 4598 tione
535 4536 719 4600 consederat
744 4538 889 4599 moribus
916 4536 1119 4602 dissidentes.
1166 4542 1254 4603 Bene
1281 4543 1381 4625 igitur

423 4658 495 4699 cum
512 4637 562 4699 his
578 4640 691 4719 agitur,
702 4641 755 4723 qui
773 4640 804 4701 in
822 4640 943 4701 ratione
958 4636 1023 4701 dati
1039 4651 1071 4702 et
1086 4643 1210 4725 accepti
1227 4644 1382 4712 beneficii

424 4738 498 4799 viris
521 4738 663 4802 honestis
686 4740 884 4804 solummodo
908 4740 1099 4819 obligantur,
1115 4764 1262 4825 quorum,
1278 4758 1314 4809 ut
1337 4747 1383 4811 de

424 4837 603 4900 testimonio
625 4842 831 4904 conscicntiae
849 4842 973 4922 loquar,
992 4862 1074 4903 nnus
1094 4864 1154 4922 cgo
1176 4864 1258 4923 sum,
1282 4867 1383 4929 quem
