3300 6434
443 1199 484 1256 66
712 1211 848 1257 sonorus
865 1209 1143 1255 snassaanrnnsrs
1303 1195 1349 1274 [A.
1369 1218 1400 1259 υ.

444 1359 477 1422 in
492 1359 618 1425 irritum
637 1360 817 1424 devocatur.
843 1361 889 1423 At
904 1358 973 1423 hoec
994 1358 1084 1423 velut
1105 1360 1137 1422 io
1153 1362 1273 1441 castris,
1289 1374 1322 1426 et
1342 1364 1402 1427 sub

443 1460 560 1545 gladio,
576 1461 670 1526 minis
685 1472 718 1525 et
740 1462 913 1526 terroribus
931 1482 1003 1545 spes
1023 1460 1267 1528 examinationis
1289 1487 1308 1528 a
1325 1464 1401 1530 sim·
1461 1503 1464 1512 ·

443 1560 1055 1647 plicibus,ameticulosis,fraudulenter
1063 1571 1096 1625 et
1105 1560 1260 1628 violenter
1268 1576 1403 1645 extorta,

443 1685 464 1728 a
477 1663 603 1741 dolosis,
614 1663 761 1729 violentis
776 1674 809 1726 et
822 1661 997 1739 malitiosis,
1009 1674 1119 1726 contra
1129 1663 1183 1748 jus
1198 1675 1231 1728 et
1246 1666 1302 1743 las,
1318 1689 1399 1751 pree·

443 1764 574 1850 cipitata
588 1776 644 1829 est.
690 1764 775 1842 Quid
790 1774 899 1829 tamen
913 1763 1099 1850 inquisitum
1118 1777 1176 1842 θεῖ,
1193 1767 1271 1853 quid
1286 1769 1398 1852 proba-

442 1864 537 1928 tum?
564 1866 666 1931 utrius
688 1866 809 1931 scilicet
830 1866 1006 1931 electorum
1028 1866 1191 1946 canonica,
1213 1880 1269 1931 aut
1293 1868 1398 1932 sanior

442 1980 524 2033 esset
532 1968 657 2045 electio,
668 1968 743 2034 facti
753 1969 887 2056 quoestio
897 1967 1116 2045 simulabatur,
1125 1969 1253 2052 etjuris.
1266 1970 1399 2035 Factum

440 2068 560 2156 itaque,
582 2091 640 2154 pro
663 2069 824 2135 voluntate
848 2069 957 2155 partis,
972 2090 1046 2155 quae
1068 2069 1159 2154 ponit
1173 2093 1301 2135 carnem
1327 2073 1397 2137 bra-

439 2170 547 2236 chium
562 2193 667 2249 suum,
681 2171 876 2256 propositum
893 2181 951 2249 est,
967 2182 1000 2235 et
1015 2170 1195 2256 probatum.
1219 2173 1393 2238 Probatum

440 2285 498 2346 est,
510 2271 653 2355 inquam,
668 2271 832 2335 Victorem
848 2270 950 2335 solum
966 2271 1117 2348 electum,
1133 2294 1152 2335 a
1167 2273 1288 2337 saniore
1305 2287 1394 2359 parte

439 2371 649 2438 cardinalium
675 2373 828 2457 petitione
855 2372 975 2458 populi,
998 2395 1153 2437 consensu
1180 2385 1213 2439 et
1238 2376 1396 2442 desiderio

439 2473 527 2552 cleri,
541 2484 574 2537 et
588 2472 772 2537 solemniter
781 2474 1013 2557 jumentatum,
1030 2472 1170 2537 locatum
1185 2497 1253 2540 esse
1269 2476 1301 2539 in
1318 2479 1394 2542 sede

439 2574 538 2651 Petri,
555 2585 710 2660 praesente
723 2573 893 2649 Rollando,
910 2584 943 2637 ct
958 2595 1021 2638 non
1033 2574 1281 2651 contradicente,
1293 2578 1394 2642 immo

437 2676 664 2756 consentiente,
680 2687 713 2739 et
730 2674 794 2739 suis
808 2673 931 2739 clericis
951 2673 1156 2759 praecipiente
1173 2688 1209 2738 ut
1231 2677 1260 2739 ei
1283 2678 1393 2741 obedi·

436 2788 518 2855 rent,
533 2799 630 2864 quem
652 2777 686 2842 in
706 2777 782 2842 sede
804 2776 977 2862 apostolica
991 2774 1144 2841 videbant
1165 2778 1319 2862 pontificii
1342 2780 1391 2842 in-

434 2878 576 2963 signibus
590 2879 784 2945 decoratum.
812 2883 886 2945 Hoc
901 2899 1028 2964 quoque
1044 2879 1213 2962 probatum
1229 2889 1287 2956 est,
1304 2883 1390 2968 quod

434 2979 624 3044 duodecimo
649 2980 701 3044 die
723 2990 793 3065 post
818 2978 1051 3063 promotionem
1077 2978 1224 3057 Victoris,
1247 3003 1391 3065 egressus

432 3082 474 3147 ab
496 3083 575 3146 urbe
593 3081 770 3146 Rollandus
792 3102 890 3166 prope
912 3093 1030 3144 terram
1048 3081 1157 3145 Seculi
1179 3081 1212 3145 in
1232 3081 1301 3147 loco
1324 3107 1387 3147 non

432 3185 551 3249 celebri
565 3184 703 3270 primum
713 3195 761 3247 est
767 3184 978 3268 jumentatus.
1002 3187 1057 3247 An
1069 3204 1133 3246 non
1143 3183 1307 3269 inspexisti
1317 3208 1389 3269 pro·

431 3287 568 3352 bationis
597 3283 752 3351 modum?
797 3289 871 3350 Hoc
900 3284 987 3348 enim
1014 3284 1215 3368 juraverunt,
1246 3284 1386 3351 decanus

430 3387 570 3453 basilicae
589 3386 625 3452 B.
644 3385 742 3461 Petri,
754 3396 788 3450 et
802 3384 867 3449 duo
882 3383 994 3448 fratres
1008 3385 1077 3467 ejus
1092 3385 1125 3448 in
1140 3407 1274 3469 persona
1290 3387 1385 3453 totius

429 3489 570 3576 capituli,
581 3489 770 3574 juraverunt
781 3495 814 3549 et
829 3483 977 3569 religiosi,
990 3497 1126 3548 rectores
1138 3485 1214 3549 cleri
1230 3485 1382 3552 Romani:

429 3591 489 3657 hoc
503 3592 607 3677 ipsum
620 3588 788 3676 prefectus
800 3585 915 3666 verbis,
925 3596 959 3650 et
973 3585 1027 3650 alii
1042 3586 1126 3650 cives
1136 3588 1245 3672 jurare
1260 3588 1384 3654 obtule-

429 3705 520 3758 runt:
555 3693 610 3757 sed
639 3692 825 3756 clericorum
851 3688 1019 3754 dumtaxat
1044 3701 1173 3775 recepta
1199 3703 1273 3754 sunt
1293 3691 1383 3776 jura-

429 3804 548 3869 menta,
561 3793 711 3878 quoniam
723 3793 793 3855 hoec
805 3791 913 3856 omnia
922 3801 1137 3856 tractaverunt
1149 3793 1296 3858 manibus
1308 3789 1381 3860 suis.

473 3896 553 3970 Quis
573 3894 624 3958 vel
647 3915 749 3958 caecus
769 3915 832 3957 non
854 3892 1073 3978 deprehendat
1092 3906 1158 3956 tam
1176 3895 1377 3960 manifestam

429 3998 595 4073 malitiam,
611 3996 779 4060 mendacia
794 4005 858 4060 tam
876 3994 1010 4081 aperta?
1047 3994 1132 4058 Nam
1149 3994 1215 4058 lere
1234 3999 1383 4061 omnibus

427 4114 538 4167 notum
554 4111 612 4177 est,
629 4100 718 4184 cujus
730 4098 884 4163 momenti
896 4096 969 4177 sint,
981 4095 1157 4181 praesertim
1174 4097 1207 4160 in
1223 4096 1379 4162 electione

427 4203 565 4270 Romani
595 4201 762 4288 pontificis,
794 4212 932 4263 rectores
956 4198 1014 4277 illi,
1041 4219 1121 4284 quos
1151 4197 1190 4261 ad
1222 4199 1376 4264 tuendam

425 4305 579 4372 malitiam
600 4326 689 4369 suam
708 4302 878 4368 concilium
900 4302 1055 4387 Papiense
1073 4298 1267 4384 magnificat.
1313 4302 1375 4367 Cui

424 4432 486 4475 non
510 4421 558 4473 est
580 4406 766 4471 incredibile
790 4427 844 4469 θοε
867 4404 936 4468 haec
959 4414 1120 4479 tractasse,
1144 4402 1199 4487 qui
1216 4402 1376 4487 jactitant.

427 4511 489 4576 Sed
505 4523 583 4587 esto,
595 4509 678 4597 quod
695 4507 898 4573 interfuerint
913 4505 1003 4570 initio
1014 4506 1204 4589 jurgiorum,
1217 4506 1374 4591 numquid

422 4620 462 4680 R.
479 4613 633 4700 usquead
650 4609 918 4676 conservationem
936 4629 1025 4671 suam
1041 4630 1099 4692 per
1113 4606 1181 4671 dies
1203 4607 1372 4672 duodecim

421 4716 602 4801 persequuti
623 4713 719 4778 sunt?
758 4710 924 4798 Numquid
947 4710 1007 4774 hoc
1029 4709 1109 4773 vidit
1128 4709 1303 4794 capitulum
1330 4710 1368 4773 B.

422 4816 520 4892 Petri,
538 4817 569 4878 in
593 4818 682 4900 cujus
700 4837 833 4901 persona
850 4814 992 4896 juratum
1014 4823 1071 4890 est,
1092 4834 1131 4876 an
1154 4822 1291 4875 rectores
1312 4812 1367 4897 qni
