3300 6434
365 1218 425 1283 llo
627 1238 763 1283 somma
778 1236 1056 1282 saansnnarnnsrs
1225 1222 1270 1299 [n.
1288 1239 1318 1283 n.

355 1387 402 1451 eis
416 1410 467 1451 ree
481 1388 562 1451 seria
578 1388 747 1471 agebatur,
767 1385 855 1451 etad
878 1409 977 1472 quarn
999 1388 1176 1471 presertim
1199 1388 1317 1472 cupide

354 1488 460 1552 luerat
490 1487 737 1573 properandum.
797 1488 907 1551 Vocati
938 1488 1022 1551 enim
1052 1503 1155 1569 erant,
1183 1502 1314 1553 centnm

353 1611 473 1674 marcas
499 1604 531 1654 et
561 1588 682 1674 aliquid
709 1588 848 1673 amplius
872 1590 1044 1676 accepturi.
1089 1591 1181 1655 Alter
1208 1604 1314 1655 tamen

351 1712 462 1755 eorum
479 1689 615 1774 vigilias,
630 1703 661 1753 et
683 1688 929 1753 sollicitudinem
946 1711 1035 1753 suam
1051 1689 1157 1756 doluit
1173 1714 1240 1755 esse
1260 1692 1315 1755 de-

355 1791 467 1866 lusam,
482 1789 623 1876 eoquod
641 1788 703 1852 sibi
717 1786 798 1851 nihil
813 1804 987 1875 acceperat.
1016 1791 1107 1856 Alter
1121 1791 1205 1856 enim

461 1904 548 1958 Omns
560 1904 620 1958 tulit
631 1911 763 1974 punctum,
776 1910 804 1956 et
815 1904 920 1957 miscuit
931 1905 996 1957 utile
1008 1904 1085 1958 dulci.

353 2006 447 2070 Nunc
474 2005 647 2090 intelligam
678 2004 704 2068 si
731 2004 818 2090 viget
845 2004 878 2068 in
905 2017 937 2069 te
963 2007 1097 2092 spiritus
1123 2009 1313 2094 prophetia,

351 2118 388 2169 ut
416 2102 606 2190 respondeas
632 2101 862 2178 incunctanter,
890 2103 1029 2166 utrinam
1056 2125 1165 2168 eornm
1193 2128 1243 2169 res
1269 2108 1311 2171 ad

352 2218 460 2272 votum
477 2205 616 2285 cesserit,
628 2225 694 2290 quo
709 2203 735 2266 si
750 2203 850 2267 fueris
864 2202 1051 2282 destitutus,
1063 2207 1191 2271 console
1205 2206 1312 2272 adole-

351 2321 488 2372 scentem
512 2318 668 2384 nostrum,
688 2304 746 2389 qui
768 2304 918 2391 quotiens
936 2305 1059 2371 accedit
1080 2307 1121 2372 ad
1143 2331 1207 2387 me,
1230 2309 1311 2375 sicut

349 2407 485 2483 doctior,
512 2408 559 2470 ita
584 2405 708 2470 tenuior
737 2406 827 2470 abeo.
869 2406 1013 2493 Expedit
1039 2409 1123 2472 enim
1155 2421 1192 2473 nt
1222 2410 1310 2495 qnod

351 2510 467 2595 loquor
493 2513 535 2574 sit
564 2508 786 2572 absconditum
815 2508 857 2572 ab
880 2507 985 2572 oculis
1008 2510 1092 2594 ejus,
1112 2529 1152 2572 ne
1177 2511 1203 2573 si
1226 2510 1310 2576 forte

351 2612 448 2676 trium
464 2608 621 2674 vocalium
636 2607 829 2673 collisionem
848 2609 1105 2695 deprehenderit,
1122 2610 1226 2695 turpis
1241 2612 1309 2674 soni

349 2727 382 2778 et
395 2711 581 2795 irregularis
595 2710 684 2774 verbi
700 2709 851 2775 mulctam
867 2731 964 2797 cogar
978 2709 1152 2775 exsolvere.
1179 2715 1264 2775 Nam
1276 2711 1307 2775 in

349 2813 561 2903 patrocinium
582 2833 689 2876 meum
709 2812 877 2877 abusiones
898 2824 1065 2878 anctorum
1085 2812 1207 2876 frustra
1224 2834 1308 2897 prae-

346 2915 474 2982 tendam
490 2914 602 2999 juveni
623 2913 769 3000 regulare
788 2916 847 3001 jus
866 2913 1053 2999 opponenti,
1068 2926 1101 2977 et
1125 2912 1182 2999 qni
1201 2935 1307 2998 gram·

347 3017 473 3083 maticae
494 3016 661 3103 praeceptis
680 3015 836 3100 invigilat.
882 3015 975 3093 Quod
999 3015 1026 3080 si
1046 3027 1201 3079 secretum
1218 3012 1306 3081 istud

349 3119 473 3193 minori,
490 3129 527 3182 ut
547 3138 673 3203 poenam
697 3114 816 3200 exigat,
832 3116 932 3179 frater
946 3128 1053 3180 noster
1075 3114 1178 3197 major
1201 3115 1308 3200 prodi-

347 3220 443 3299 derit,
459 3230 495 3285 tu
519 3240 625 3282 meum
644 3235 781 3301 procura
803 3214 979 3299 negotium,
995 3214 1147 3297 dicasque
1169 3235 1231 3277 non
1252 3237 1307 3298 ag-

344 3341 488 3408 gressum
519 3340 597 3400 esse,
623 3329 659 3381 nt
689 3336 763 3380 cnm
793 3314 1004 3401 grammatico
1032 3313 1234 3379 adolescente
1265 3314 1306 3377 de

345 3422 553 3508 grammatica
572 3417 772 3496 contendam,
788 3412 844 3482 sed
863 3428 898 3480 nt
921 3414 1179 3502 quibuscumque
1201 3415 1307 3480 verbis

344 3536 457 3609 potero
485 3522 578 3588 amici
605 3519 783 3587 londoniis
809 3541 828 3582 a
854 3516 1022 3583 cornubia
1048 3535 1174 3581 canmm
1202 3538 1305 3601 agam.

344 3622 489 3699 Quodsi
510 3622 698 3685 alterutrius
718 3616 896 3708 periculum
918 3611 1078 3691 imminet,
1101 3616 1201 3683 sanus
1222 3617 1306 3681 duco

345 3739 419 3781 cnm
435 3718 602 3799 dispendio
617 3721 847 3800 grammaticae,
857 3737 986 3783 cansam
998 3719 1126 3795 lucrari,
1142 3738 1252 3805 quam,
1269 3733 1306 3784 nt

343 3813 552 3899 grammatice
559 3813 683 3898 loquar,
690 3820 907 3881 cansaesubire
912 3820 1085 3902 jacturam.
1102 3822 1211 3895 Quum
1222 3820 1304 3883 enim

342 3913 410 3980 dno
435 3912 596 3998 quondam
621 3914 746 3997 patroni
774 3935 955 3990 cansarum,
982 3940 1067 3981 nunc
1094 3931 1245 4002 pastores,
1269 3937 1305 3985 ut

276 4017 281 4024 ’
345 4014 474 4094 dicitur,
489 4010 676 4090 animarum,
687 4023 719 4075 et
734 4010 838 4074 officio
853 4015 1004 4099 episcopi,
1022 4016 1225 4081 Lexoriensis
1243 4021 1304 4082 sci·

342 4116 428 4192 linet,
438 4127 470 4179 et
484 4111 701 4184 Cicestrensis,
711 4111 831 4198 dispari
841 4112 894 4175 via
907 4111 1126 4196 procederent,
1137 4128 1169 4180 et
1182 4118 1302 4179 Lexnv.

341 4238 446 4283 cansae
473 4212 581 4279 mallet
605 4213 709 4278 facere
734 4212 973 4290 detrimentum,
998 4235 1092 4300 quam
1121 4216 1221 4293 verbi,
1245 4222 1301 4303 qni

341 4341 427 4383 nnnc
450 4315 613 4384 cicestrie
635 4326 694 4393 est,
717 4319 745 4381 ei
768 4315 886 4400 pictam
911 4315 1044 4381 cedebat
1067 4313 1222 4402 linguam,
1245 4318 1301 4382 sed

341 4418 496 4503 triumphi
527 4417 661 4502 gloriam
688 4415 834 4501 diligenti
860 4436 967 4482 rerum
992 4417 1194 4481 observantia
1220 4440 1301 4503 proe-

340 4520 495 4605 ripiebat:
531 4531 683 4582 nentrum
705 4519 823 4583 imitari
850 4518 949 4593 valeo,
974 4518 1029 4583 sed
1052 4519 1181 4584 alterins
1203 4520 1300 4585 credo

340 4618 538 4703 praelerenda
558 4618 700 4703 vestigia.
736 4617 840 4701 lgitnr
862 4642 994 4703 agamus
1014 4621 1103 4706 quod
1124 4624 1245 4705 agitur,
1267 4635 1299 4685 et

340 4719 489 4803 pauperis
500 4717 637 4781 concivis
649 4718 749 4782 nostri
764 4738 891 4782 causam
903 4718 1022 4783 habeas
1033 4720 1297 4797 commendatam,

341 4814 439 4890 Quod
467 4828 503 4879 ut
532 4816 718 4900 diligentius
744 4817 852 4898 facias,
879 4816 909 4879 ei
934 4817 1079 4904 crepidas
1107 4819 1193 4898 dedi,
1217 4842 1298 4905 quas
