3300 6434
339 1248 403 1306 264
607 1256 744 1302 rosums
758 1256 1034 1304 sunssssmsusrs
1198 1238 1243 1318 [s.
1266 1258 1296 1301 n.

339 1411 492 1475 lescentis
515 1409 625 1492 ipsius,
648 1429 720 1493 quae
745 1408 890 1473 nondum
920 1419 998 1485 erat,
1022 1413 1228 1492 sperebatur3
1263 1423 1295 1472 et

344 1509 431 1596 qnod
446 1508 487 1573 de
501 1530 584 1593 pace
598 1506 681 1572 iuter
702 1510 807 1594 ipsum
831 1520 865 1573 et
883 1531 988 1592 regem
1003 1511 1203 1575 reformando
1218 1532 1295 1574 con·

344 1622 485 1688 venerat,
509 1609 599 1675 etde
620 1631 670 1674 me
692 1611 934 1675 reconciliando
956 1613 1077 1675 mentio
1097 1613 1209 1676 habita
1229 1625 1297 1683 est:

343 1724 376 1777 et
396 1714 428 1776 in
450 1712 536 1775 hunc
556 1711 687 1775 modum
708 1714 812 1797 plura,
833 1713 867 1775 iu
892 1714 1010 1795 quibus
1032 1714 1136 1777 umico
1157 1715 1297 1795 gessistis

343 1833 475 1878 morem.
504 1812 654 1876 Lotorem
669 1813 873 1896 praesentium
890 1812 931 1875 orl
949 1835 1006 1877 ros
1021 1836 1123 1898 usqne
1139 1814 1296 1877 transmisi

343 1927 380 1979 nt
403 1935 441 1978 eo
462 1914 670 1977 intermeante
692 1936 743 1976 me
766 1911 806 1977 de
830 1913 1003 1998 predictis,
1026 1927 1059 1978 et
1080 1916 1205 1979 cacteris
1227 1937 1297 1999 ane

344 2026 460 2081 stotum
477 2025 614 2079 restrum
630 2015 831 2097 contingunt,
846 2027 901 2079 ant
916 2017 1093 2099 publicum,
1107 2039 1163 2100 per
1178 2019 1298 2080 litteras

346 2129 466 2182 restrns
489 2118 516 2180 si
538 2118 647 2201 placet
667 2116 809 2181 reddatis
831 2118 1010 2181 certiorem.
1064 2119 1297 2201 Obtemperans

346 2231 452 2284 nutem
473 2230 577 2284 restro
603 2217 750 2294 consilio,
771 2216 811 2281 de
834 2218 991 2283 industris
1017 2222 1112 2283 talem
1135 2220 1220 2291 misi,
1245 2221 1297 2304 qui

345 2320 427 2385 nulli
449 2321 489 2383 sit
511 2318 596 2404 opud
612 2340 678 2397 ros,
699 2331 755 2383 aut
775 2319 889 2403 paucis
909 2330 1016 2399 notus,
1031 2330 1063 2383 et
1077 2321 1156 2383 mihi
1172 2333 1204 2383 et
1218 2322 1298 2383 meis

345 2422 378 2484 in
395 2420 544 2484 omnibus
564 2418 668 2483 fidelis
689 2419 838 2483 inventus
861 2431 917 2484 est
964 2420 1147 2504 lnjnnctum
1170 2432 1220 2483 est
1242 2422 1298 2497 illi,

346 2533 382 2585 nt
411 2519 498 2603 apud
528 2519 691 2582 dominum
722 2520 913 2603 episcopum
944 2533 1032 2601 gerat
1061 2521 1224 2600 negotium
1249 2521 1297 2583 M.

348 2622 470 2687 Golteri
498 2621 605 2684 clerici
632 2620 754 2683 domini
780 2621 963 2698 Reurensis‚
988 2640 1047 2703 pro
1073 2620 1298 2701 recuperandis

346 2723 437 2785 libris
467 2742 548 2805 quos
578 2720 662 2783 idem
690 2721 851 2785 Walterus
881 2720 1038 2801 Magistro
1064 2719 1158 2783 Petro
1190 2721 1295 2783 Holiae

309 2829 311 2833 ’
347 2822 635 2888 commendaverat.
680 2823 731 2885 De
754 2823 873 2903 quibus
890 2822 1056 2886 vobiscum
1075 2821 1202 2883 locutus
1224 2842 1294 2883 sum

346 2923 432 3009 npud
462 2923 671 3005 Andegarim,
697 2933 729 2986 et
753 2922 1030 2987 commonitorium
1054 2920 1140 2985 dedi.
1184 2924 1296 3006 Ipsum

344 3026 452 3110 itaque
464 3036 613 3109 tunquam
626 3046 759 3108 puerum
776 3024 816 3088 de
833 3023 928 3088 domo
942 3024 1113 3088 Remensis
1123 3024 1296 3108 archiepis·

346 3128 419 3213 copi
442 3138 575 3191 tractare
597 3126 754 3211 poteritis,
776 3136 811 3189 ut
837 3138 965 3209 tempus
990 3138 1158 3207 exposcet,
1182 3126 1240 3189 sed
1262 3135 1298 3189 ut

347 3228 412 3291 cito
426 3228 612 3302 remittatur,
621 3227 725 3307 exigit
739 3227 903 3290 eontinuae
915 3225 1139 3290 sollicitudinis
1151 3229 1297 3291 stimulus

346 3330 461 3392 nnimoe
477 3350 555 3392 mere
572 3329 711 3411 quietem
733 3328 907 3410 denegans,
922 3330 1024 3391 donec
1044 3327 1165 3412 aliquid
1181 3330 1297 3391 certius

346 3429 387 3494 dc
415 3430 589 3515 praemissis
615 3450 798 3512 agnoscam.
845 3428 877 3490 Si
906 3450 991 3503 sero,
1016 3427 1102 3513 qnod
1126 3429 1295 3511 plurimum

347 3530 504 3609 desidero,
530 3531 571 3595 ad
593 3534 747 3595 honorem
773 3531 835 3594 Dei
857 3542 889 3593 et
908 3531 1054 3594 ecclesiae
1076 3550 1141 3613 pux
1165 3530 1296 3592 domino

347 3632 499 3716 episcopo
520 3635 685 3695 reformato
706 3642 804 3695 estet
827 3632 996 3715 completo,
1017 3653 1090 3715 quae
1110 3633 1295 3715 sperabatur

346 3731 520 3813 implenda,
535 3736 669 3816 qualiter
683 3735 715 3796 in
740 3734 898 3796 electione
916 3733 1095 3816 juratorum
1110 3755 1293 3818 processum

347 3829 400 3908 sit,
411 3843 442 3892 et
457 3831 618 3915 inquibus
631 3834 747 3897 finibus
763 3855 861 3897 cansa
876 3834 1008 3910 steterit,
1020 3836 1098 3897 mihi
1114 3832 1296 3916 diligentius

348 3935 580 3995 recurrentibus
595 3934 707 3997 litteris
722 3938 834 3999 vestris
851 3938 979 4018 placeat
993 3936 1183 4014 significare·
1215 3937 1244 3998 N
1248 3957 1297 3999 nm

347 4034 426 4118 quid
442 4034 609 4112 timuerim,
624 4036 721 4097 immo
742 4036 819 4120 qnid
842 4037 982 4112 timeam,
1002 4038 1035 4099 in
1055 4037 1203 4098 omnibus
1223 4038 1297 4097 orti·

348 4133 431 4196 culis
454 4137 569 4198 oblutae
593 4135 788 4198 conditionis
811 4136 1014 4221 perspicuum
1037 4138 1095 4199 erit
1110 4156 1152 4198 ex
1167 4134 1293 4207 litteris,

348 4255 428 4319 quas
444 4234 576 4299 domino
598 4238 752 4320 episcopo
773 4238 855 4300 misi.
901 4238 1071 4300 Neminem
1093 4249 1197 4300 tamen
1213 4237 1294 4298 orbi·

347 4345 412 4399 tror
440 4338 627 4419 sapientem,
660 4339 713 4421 qni
751 4338 937 4402 dissuadent
975 4361 1099 4423 pacem,
1129 4360 1200 4423 quae
1229 4338 1296 4401 fieri

347 4452 452 4521 potest
466 4440 498 4501 in
516 4441 667 4514 Domino,
682 4450 715 4503 et
730 4452 801 4505 oute
817 4442 1009 4504 himerinum
1025 4442 1119 4519 diem,
1135 4440 1296 4503 honestati

347 4560 410 4602 non
427 4540 570 4621 derogat:
587 4541 776 4605 lintutinnm
793 4564 858 4625 pax
875 4565 948 4607 enm
964 4545 1064 4607 salute
1081 4542 1297 4617 conscientie,

346 4649 379 4700 et
400 4640 580 4721 integritate
603 4644 694 4705 tumre
717 4644 748 4705 in
773 4642 890 4707 diebus
910 4646 1038 4721 uostris,
1062 4644 1119 4707 sed
1142 4665 1213 4727 qnae
1236 4665 1294 4706 nec

347 4738 540 4805 simulatoria
560 4744 602 4806 sit
621 4764 680 4807 nec
701 4759 936 4823 momentaneo,
956 4745 1069 4808 horum
1092 4754 1198 4807 temen
1219 4764 1296 4806 neu·

346 4850 427 4899 trum
456 4841 489 4902 in
521 4844 611 4905 robis
641 4855 697 4907 est.
755 4848 839 4912 Nom
871 4849 1004 4911 alterum
1036 4848 1076 4907 nb
1108 4846 1298 4917 edversario,
