3300 6434
347 1204 411 1263 260
605 1213 740 1262 rosunts
755 1213 1034 1259 sunnennnrnusts
1206 1198 1250 1276 [a.
1268 1215 1297 1257 n.

380 1469 598 1534 EPISTOLA
623 1469 861 1533 CUWL-su
876 1486 1046 1531 urcoaruu
1064 1485 1107 1531 ns
1123 1485 1262 1530 stortto.

655 1629 793 1691 Nicoluo
807 1627 848 1690 de
863 1627 988 1709 sigito.

390 1763 496 1840 Ensr,
512 1772 547 1824 ut
560 1761 702 1835 memini,
716 1780 819 1842 genus
833 1760 1011 1837 hominnm,
1026 1759 1080 1843 qui
1097 1761 1131 1825 in
1145 1762 1295 1825 Ecclesia

347 1863 411 1927 Dei
421 1861 717 1927 archidiaconorum
730 1873 901 1925 censentur
913 1862 1054 1940 nomine,
1066 1865 1182 1947 quibus
1193 1876 1297 1927 restra

347 1963 499 2028 discretio
521 1984 646 2027 omnent
667 1963 779 2027 salutis
801 1963 883 2026 riam
910 1966 1102 2048 querebatur
1123 1986 1194 2028 csso
1216 1987 1295 2049 prae·

346 2064 478 2129 clusam.
509 2065 604 2143 Nam,
613 2074 648 2126 nt
659 2062 763 2126 dicere
775 2065 996 2140 consuevistis,
1008 2064 1145 2146 diligunt
1156 2088 1296 2143 munera,

348 2177 525 2252 sequuntur
546 2166 782 2243 retributiones,
803 2165 844 2229 nd
866 2165 999 2248 injurias
1021 2170 1113 2251 proni
1137 2182 1222 2246 sunt,
1244 2190 1294 2233 ca·

345 2268 477 2331 lumniis
492 2266 643 2347 gaudent,
657 2276 791 2349 peecata
806 2265 918 2349 populi
936 2267 1110 2330 comedunt
1125 2283 1157 2331 et
1172 2270 1296 2343 bibunt,

346 2369 464 2454 quibus
480 2370 595 2431 riritttr
610 2388 652 2430 ex
672 2379 775 2451 rapto,
789 2378 826 2430 nt
844 2388 910 2430 non
926 2368 968 2430 sit
982 2367 1100 2452 hospes
1115 2371 1155 2432 ab
1172 2371 1296 2452 hospite

346 2481 444 2532 tutus.
490 2470 552 2540 Qui
567 2469 602 2530 in
618 2469 666 2530 eis
680 2467 932 2550 praestantissimi
952 2479 1037 2545 sunt,
1053 2470 1170 2533 ‹iebent
1186 2455 1295 2555 utique

345 2590 470 2633 serrare
492 2570 596 2650 legem
627 2568 769 2644 Domini,
794 2568 851 2631 sed
876 2589 942 2631 non
971 2569 1103 2633 faciunt.
1155 2574 1236 2634 Haec
1263 2584 1295 2633 et

343 2671 462 2734 similia
488 2670 622 2746 solebat,
648 2670 680 2730 in
708 2668 885 2732 miserrima
910 2669 1093 2733 conditione
1116 2671 1292 2747 hominnm,

345 2782 458 2836 restra}
488 2771 618 2853 pietatis
646 2770 806 2833 miseratio
834 2770 1010 2853 deplorare.
1054 2773 1156 2835 Bonis
1184 2786 1291 2835 antem

343 2874 418 2937 riris
443 2886 475 2936 et
497 2874 608 2936 amicis
630 2872 742 2935 restris
766 2872 927 2952 agendum
951 2883 1000 2936 est
1024 2875 1140 2954 gratias
1166 2877 1236 2938 Deo
1262 2888 1294 2938 et

345 2976 476 3040 domino
499 2974 726 3050 lincolniensi,
752 2974 808 3056 qni
834 2974 959 3056 aperuit
981 2976 1094 3040 oculos
1117 2989 1236 3041 vestros
1262 2991 1294 3041 et

344 3080 428 3142 riam
454 3077 574 3149 docuit,
602 3096 666 3160 qua
688 3075 750 3137 hoc
782 3096 883 3154 genus
906 3076 1073 3141 hominum
1102 3100 1167 3141 nou
1197 3080 1293 3145 modo

343 3180 509 3264 perveniat
519 3176 559 3240 ad
573 3177 717 3249 salntem,
726 3176 929 3239 inenarrabili
940 3179 1164 3243 salvandorum
1176 3204 1294 3245 corona

345 3282 542 3354 decoratum,
559 3277 616 3341 sed
631 3289 664 3341 et
677 3277 873 3359 superiorem
894 3291 1107 3363 consequatur
1121 3285 1293 3359 aureolam,

344 3403 416 3466 quae
432 3383 516 3445 sicut
530 3380 679 3464 martyrio
693 3380 864 3451 laureatos,
876 3391 909 3441 et
924 3380 1101 3462 virginitate
1115 3394 1292 3463 vernantes,

344 3486 389 3548 sie
421 3482 660 3568 praedicationis
694 3481 800 3545 officio
836 3490 1041 3546 coruscantes
1069 3484 1209 3566 insignit.
1265 3490 1292 3549 A

344 3586 486 3649 Domino
497 3584 628 3668 quidem
640 3583 758 3647 sactum
773 3593 822 3647 est
835 3582 933 3659 istud,
942 3584 997 3666 qui
1011 3588 1125 3650 oculos
1139 3590 1293 3653 cecitatis

342 3696 454 3749 vestrm
477 3685 611 3769 apernit,
632 3695 665 3748 et
685 3684 848 3770 patefacta
862 3686 991 3750 veritate
1013 3687 1047 3750 in
1069 3709 1168 3754 eausa
1189 3688 1291 3756 archi·

344 3784 551 3849 diaconorum
564 3787 775 3868 perniciosam
791 3786 869 3848 sccit
881 3799 1000 3850 mutare
1011 3792 1212 3855 sententiam.
1237 3795 1291 3857 Li·

341 3897 396 3951 cet
409 3898 515 3950 autern
528 3886 639 3948 merito
651 3884 809 3967 gaudeant
824 3887 1042 3952 archidiaconi
1051 3904 1154 3953 restro
1163 3892 1292 3974 judicio

342 3987 491 4064 absoluti,
508 3984 604 4050 credo
620 4006 670 4048 rne
690 4006 755 4047 non
779 3986 934 4049 minorem
956 4008 1050 4070 quam
1069 3988 1159 4070 ipsos
1173 4012 1291 4054 conce-

341 4091 428 4177 pisse
443 4088 483 4153 dc
499 4100 602 4151 restra
618 4086 817 4171 promotione
837 4087 990 4163 laetitiam,
1004 4087 1080 4169 quia
1095 4089 1290 4174 ubicumque

341 4194 484 4255 locorum
501 4191 572 4266 sim,
587 4211 638 4253 mo
660 4187 700 4251 ad
720 4188 877 4252 honorem
892 4200 925 4251 et
939 4190 1128 4273 obsequium
1143 4204 1292 4272 restrum,

340 4296 373 4357 in
403 4294 520 4378 quibus
551 4290 754 4354 discretionis
785 4301 895 4352 restrae
921 4311 1056 4354 censura
1084 4294 1291 4375 praescribers

333 4394 533 4476 dignaretur,
559 4391 796 4474 promptissima
821 4392 985 4464 voluntate
1007 4392 1131 4456 decori.
1175 4395 1288 4477 Magni

339 4496 499 4582 siquidem
520 4494 661 4557 muneris
681 4493 781 4554 instar
803 4505 898 4571 esset,
913 4494 940 4556 si
956 4494 1051 4556 ‹mihi›
1062 4495 1186 4579 aliquid
1208 4497 1289 4561 insra

338 4598 421 4660 vires
432 4617 520 4659 meas
530 4595 653 4658 velletis
663 4593 842 4677 injungere,
852 4607 885 4656 et
896 4596 1286 4678 peregrinantisaffectum

338 4708 510 4782 utcumque
532 4696 681 4779 experiri.
728 4696 779 4757 De
800 4707 916 4758 caetero
931 4696 1013 4760 lator
1035 4698 1238 4779 praescntium
1254 4700 1288 4761 in

338 4795 494 4880 obsequio
509 4818 591 4873 mec,
606 4810 638 4860 et
653 4795 756 4859 fratris
774 4796 873 4858 nostri
894 4795 1015 4860 diutius
1029 4799 1215 4862 immoratus
1229 4811 1287 4876 est,
