3300 6434
289 1233 485 1313 tito-64]
675 1247 852 1293 srrsrosa.
1180 1236 1240 1296 149

284 1415 402 1487 gatam.
450 1398 582 1463 Illarum
596 1399 717 1482 quippe
732 1398 871 1479 regimen
887 1398 1070 1484 suscepistis
1082 1422 1100 1462 a
1110 1398 1240 1464 Clunia·

284 1501 431 1566 censibus
449 1497 600 1563 absoluti.
646 1500 719 1574 Qua
738 1521 813 1582 ergo
829 1498 951 1562 ratione
973 1499 1013 1562 ab
1029 1498 1098 1561 istis
1112 1498 1152 1561 ad
1168 1498 1240 1563 illos

284 1602 482 1667 divertistis?
515 1600 683 1685 Numquid
700 1622 829 1685 aequum
851 1612 912 1674 est,
927 1600 997 1664 istis
1017 1600 1239 1675 esurientibus,

285 1727 393 1768 eorum
406 1725 487 1788 pane
502 1701 573 1764 illos
588 1701 714 1765 satiari?
741 1702 821 1764 Haec
833 1722 894 1764 non
906 1700 1001 1764 modo
1012 1700 1134 1764 domini
1144 1702 1239 1786 regis,

286 1806 338 1869 sed
356 1808 420 1868 fere
433 1803 574 1867 omnium
591 1801 719 1887 querela
735 1815 792 1867 est.
838 1804 933 1868 Certe
948 1825 987 1866 an
1006 1805 1095 1887 justa
1115 1806 1167 1880 sit,
1183 1825 1240 1866 ros

287 1906 437 1971 videritis.
484 1904 644 1967 Praeterea
655 1926 695 1966 ex
710 1904 854 1968 absentia
866 1914 969 1967 vestra
981 1928 1013 1967 se
1029 1904 1060 1966 in
1074 1905 1241 1968 necessita-

285 2008 371 2072 tibus
386 2006 474 2091 regni
489 2028 508 2069 a
522 2004 651 2069 consilio
672 2018 776 2070 vestro
792 2018 824 2069 et
840 2005 961 2068 auxilio
982 2003 1129 2089 queritur
1144 2004 1240 2069 desti·

284 2121 404 2185 tutum,
421 2131 533 2194 quum,
549 2106 687 2172 Domino
702 2106 921 2193 praecipiente,
938 2106 1056 2170 Caesari
1080 2106 1171 2171 reddi
1186 2106 1241 2170 de-

285 2211 380 2275 beant
391 2234 465 2296 quae
475 2223 549 2273 sunt
563 2209 705 2274 Caesaris.
730 2208 826 2273 Unde
839 2207 1197 2293 plurimisuaserunt,ut
1206 2209 1238 2272 in

285 2336 393 2377 omnes
409 2327 529 2376 vestros
544 2311 657 2375 durius
669 2324 787 2395 ageret,
797 2324 829 2375 et
841 2311 873 2374 in
886 2312 969 2375 bona
977 2310 1126 2387 ecclesiae,
1140 2334 1241 2396 usque

286 2415 326 2478 ad
340 2415 504 2480 thesauros
519 2413 657 2490 intimos,
674 2436 802 2477 manum
818 2411 1015 2477 extenderet.
1039 2415 1112 2499 Ipse
1123 2426 1240 2490 tamen,

286 2516 437 2579 incitante
457 2539 489 2579 se
507 2515 613 2591 turba,
629 2513 769 2578 continet
786 2536 900 2578 manus
916 2534 998 2590 suas,
1014 2525 1045 2576 et
1066 2512 1241 2577 adventum

286 2629 428 2680 vestrum
445 2628 620 2699 utcumque
641 2626 801 2699 expectat.
847 2611 941 2690 Quod
965 2615 992 2677 si
1014 2610 1187 2691 ecclesiam,
1208 2623 1241 2675 et

286 2739 396 2781 omnes
411 2729 531 2780 vestros
543 2715 602 2778 hac
617 2715 842 2801 provocatione
851 2717 948 2799 regias
960 2713 1169 2798 indignationi
1186 2736 1242 2777 ex·

286 2816 468 2901 posueritis,
485 2814 661 2879 timendum
679 2830 726 2879 est
742 2838 781 2878 ne
806 2815 932 2878 veniant
958 2816 1078 2900 majora
1093 2829 1192 2891 metu,
1208 2827 1241 2879 et

287 2941 355 2995 vos,
384 2940 466 3002 quos
491 2915 656 2979 ¹declinare
685 2939 747 2978 non
778 2915 877 2980 vultis
906 2916 1070 3000 praevisos,
1100 2915 1240 2981 sentiatis

285 3018 412 3081 aculeos
433 3017 637 3102 postmodum
662 3017 815 3081 duriores.
861 3019 1032 3081 Precamur
1052 3040 1138 3103 ergo,
1160 3027 1194 3080 ct
1208 3016 1241 3081 iu

288 3118 407 3181 virtute
422 3116 565 3180 caritatis
580 3116 774 3180 consulimus
789 3129 825 3179 ut
843 3115 988 3195 redeatis,
1003 3130 1035 3181 et
1050 3140 1089 3180 ex
1106 3140 1171 3202 quo
1184 3139 1241 3180 vos

287 3218 481 3283 audierimus
501 3241 568 3282 esse
590 3218 744 3295 Bolonioe,
761 3217 852 3282 vobis
874 3221 905 3281 in
927 3217 996 3300 ipso
1013 3218 1118 3283 littore
1133 3228 1240 3282 nostro

286 3342 499 3399 occurremus,
513 3320 713 3404 procuraturi
726 3317 888 3403 quomodo
899 3318 938 3380 ad
956 3317 1119 3381 dominum
1132 3341 1238 3403 regem

286 3446 357 3486 cum
375 3424 493 3487 honore
515 3422 718 3509 perveniatis,
739 3434 771 3484 et
794 3421 868 3484 finis
886 3421 1053 3504 jucundus
1075 3420 1173 3484 tantis
1195 3420 1240 3485 la-

287 3523 419 3589 boribus
433 3525 627 3609 imponatur.

385 3728 604 3791 EPISTOLA
627 3725 753 3791 C.-so
770 3745 880 3790 runnu
894 3746 1136 3792 sssxunnnnu.

536 3878 675 3941 Domino
691 3877 796 3959 Popoe
809 3876 1005 3943 Alexandro,

330 4015 383 4078 Ex
399 4012 550 4076 mandato
572 4012 750 4075 sanctitatis
767 4025 880 4077 vestrae
902 4013 935 4076 in
951 4015 1150 4098 praesentiam
1167 4037 1238 4081 nos·

288 4129 368 4180 tram
381 4116 549 4180 citavimus
562 4113 771 4179 venerabilem
786 4114 888 4178 virum
905 4118 947 4179 G.
959 4116 1116 4179 Abbatem
1133 4116 1238 4182 West·

287 4219 562 4283 monasteriensem
584 4217 747 4281 monachis
761 4216 801 4278 de
816 4217 994 4280 Malvernia
1009 4239 1236 4302 responsurum

288 4342 383 4403 super
399 4320 448 4382 bis
470 4342 544 4404 quae
560 4319 593 4380 in
608 4317 771 4380 audientia
794 4328 898 4380 vestra
913 4317 1065 4381 adversus
1079 4342 1149 4383 eum
1167 4342 1238 4405 pro·

287 4431 468 4505 posuerant.
516 4416 553 4480 In
577 4417 645 4500 ipsa
667 4427 773 4479 autem
798 4418 1002 4481 ventilatione
1024 4441 1127 4483 causae
1147 4420 1239 4485 nobis

286 4542 326 4583 ex
348 4517 529 4583 testimonio
545 4515 769 4580 venerabilium
794 4518 936 4581 virorum
959 4519 1115 4585 Gileberti
1139 4526 1240 4587 Here-

285 4619 368 4684 ford.
385 4618 535 4704 episcopi,
552 4616 712 4680 Hamelini
722 4618 847 4682 abbatis
859 4618 1050 4700 Gioucestr.,
1065 4622 1238 4707 Baginaldi

288 4724 410 4785 Persor.
426 4720 500 4784 abb.
524 4719 687 4783 evidenter
702 4718 863 4804 apparuit,
882 4720 969 4805 quod
992 4724 1136 4789 monachi
1152 4726 1236 4792 Mal-

288 4824 406 4887 verniae
420 4820 565 4907 graviora
581 4842 676 4905 quam
695 4819 775 4903 passi
793 4834 866 4884 sunt
891 4838 1140 4906 promeruerant,
1156 4825 1237 4892 vicio
