<?xml version="1.0" encoding="UTF-8"?>
<!DOCTYPE html PUBLIC "-//W3C//DTD XHTML 1.0 Transitional//EN"
    "http://www.w3.org/TR/xhtml1/DTD/xhtml1-transitional.dtd">
<html xmlns="http://www.w3.org/1999/xhtml" xml:lang="en" lang="en">
 <head>
  <title>
</title>
<meta http-equiv="Content-Type" content="text/html;charset=utf-8" />
  <meta name='ocr-system' content='tesseract 3.04.00' />
  <meta name='ocr-capabilities' content='ocr_page ocr_carea ocr_par ocr_line ocrx_word'/>
</head>
<body>
  <div class='ocr_page' id='page_1' title='image "./joannissaresber14johngoog_0307.png"; bbox 0 0 3300 6434; ppageno 0'>
   <div class='ocr_carea' id='block_1_1' title="bbox 354 1154 1297 1241">
    <p class='ocr_par' dir='ltr' id='par_1_1' title="bbox 354 1154 1297 1241">
     <span class='ocr_line' id='line_1_1' title="bbox 354 1154 1297 1241; baseline 0.003 -20"><span class='ocrx_word' id='word_1_1' title='bbox 354 1154 458 1241; x_wconf 68' lang='lat' dir='ltr'><strong>llud]</strong></span> <span class='ocrx_word' id='word_1_2' title='bbox 734 1171 913 1223; x_wconf 74' lang='lat' dir='ltr'><strong>arrsrotn.</strong></span> <span class='ocrx_word' id='word_1_3' title='bbox 1235 1157 1297 1226; x_wconf 75' lang='lat'><strong>287</strong></span> 
     </span>
    </p>
   </div>
   <div class='ocr_carea' id='block_1_2' title="bbox 347 1329 1300 2600">
    <p class='ocr_par' dir='ltr' id='par_1_2' title="bbox 347 1329 1300 2600">
     <span class='ocr_line' id='line_1_2' title="bbox 350 1329 1298 1413; baseline 0.004 -24"><span class='ocrx_word' id='word_1_4' title='bbox 350 1350 409 1409; x_wconf 86' lang='lat' dir='ltr'><strong>ego</strong></span> <span class='ocrx_word' id='word_1_5' title='bbox 424 1351 482 1411; x_wconf 91' lang='lat' dir='ltr'><strong>pro</strong></span> <span class='ocrx_word' id='word_1_6' title='bbox 500 1330 564 1392; x_wconf 88' lang='lat' dir='ltr'><strong>fide</strong></span> <span class='ocrx_word' id='word_1_7' title='bbox 580 1341 612 1391; x_wconf 89' lang='lat' dir='ltr'><strong>et</strong></span> <span class='ocrx_word' id='word_1_8' title='bbox 627 1329 795 1391; x_wconf 87' lang='lat' dir='ltr'><strong>affectione</strong></span> <span class='ocrx_word' id='word_1_9' title='bbox 812 1350 907 1411; x_wconf 86' lang='lat' dir='ltr'><strong>quam</strong></span> <span class='ocrx_word' id='word_1_10' title='bbox 922 1329 1026 1392; x_wconf 82' lang='lat' dir='ltr'><strong>habeo</strong></span> <span class='ocrx_word' id='word_1_11' title='bbox 1049 1330 1091 1392; x_wconf 89' lang='lat' dir='ltr'><strong>ad</strong></span> <span class='ocrx_word' id='word_1_12' title='bbox 1107 1352 1172 1407; x_wconf 85' lang='lat' dir='ltr'><strong>ros,</strong></span> <span class='ocrx_word' id='word_1_13' title='bbox 1187 1345 1219 1393; x_wconf 87' lang='lat' dir='ltr'><strong>ct</strong></span> <span class='ocrx_word' id='word_1_14' title='bbox 1241 1352 1298 1413; x_wconf 90' lang='lat' dir='ltr'><strong>pro</strong></span> 
     </span>
     <span class='ocr_line' id='line_1_3' title="bbox 347 1428 1297 1513; baseline 0.004 -23"><span class='ocrx_word' id='word_1_15' title='bbox 347 1431 522 1493; x_wconf 86' lang='lat' dir='ltr'><strong>reverentia</strong></span> <span class='ocrx_word' id='word_1_16' title='bbox 531 1428 701 1492; x_wconf 88' lang='lat' dir='ltr'><strong>venerandi</strong></span> <span class='ocrx_word' id='word_1_17' title='bbox 712 1441 744 1492; x_wconf 89' lang='lat' dir='ltr'><strong>et</strong></span> <span class='ocrx_word' id='word_1_18' title='bbox 756 1430 800 1511; x_wconf 91' lang='lat' dir='ltr'><strong>pii</strong></span> <span class='ocrx_word' id='word_1_19' title='bbox 814 1431 913 1513; x_wconf 89' lang='lat' dir='ltr'><strong>patris</strong></span> <span class='ocrx_word' id='word_1_20' title='bbox 921 1430 1021 1493; x_wconf 87' lang='lat' dir='ltr'><strong>nostri</strong></span> <span class='ocrx_word' id='word_1_21' title='bbox 1032 1431 1116 1493; x_wconf 87' lang='lat' dir='ltr'><strong>beati</strong></span> <span class='ocrx_word' id='word_1_22' title='bbox 1125 1432 1297 1509; x_wconf 88' lang='lat' dir='ltr'><strong>Samsouis,</strong></span> 
     </span>
     <span class='ocr_line' id='line_1_4' title="bbox 348 1530 1299 1615; baseline 0.003 -24"><span class='ocrx_word' id='word_1_23' title='bbox 348 1530 409 1593; x_wconf 94' lang='lat' dir='ltr'><strong>hoc</strong></span> <span class='ocrx_word' id='word_1_24' title='bbox 433 1531 524 1593; x_wconf 88' lang='lat' dir='ltr'><strong>robis</strong></span> <span class='ocrx_word' id='word_1_25' title='bbox 547 1552 641 1614; x_wconf 90' lang='lat' dir='ltr'><strong>quem</strong></span> <span class='ocrx_word' id='word_1_26' title='bbox 665 1530 758 1592; x_wconf 82' lang='lat' dir='ltr'><strong>video</strong></span> <span class='ocrx_word' id='word_1_27' title='bbox 780 1531 813 1592; x_wconf 91' lang='lat' dir='ltr'><strong>iu</strong></span> <span class='ocrx_word' id='word_1_28' title='bbox 838 1533 947 1593; x_wconf 88' lang='lat' dir='ltr'><strong>multis</strong></span> <span class='ocrx_word' id='word_1_29' title='bbox 969 1531 1204 1608; x_wconf 85' lang='lat' dir='ltr'><strong>labefactatum,</strong></span> <span class='ocrx_word' id='word_1_30' title='bbox 1226 1554 1299 1615; x_wconf 90' lang='lat' dir='ltr'><strong>pro-</strong></span> 
     </span>
     <span class='ocr_line' id='line_1_5' title="bbox 348 1629 1299 1714; baseline 0.004 -26"><span class='ocrx_word' id='word_1_31' title='bbox 348 1650 446 1709; x_wconf 91' lang='lat' dir='ltr'><strong>pono,</strong></span> <span class='ocrx_word' id='word_1_32' title='bbox 462 1640 498 1690; x_wconf 87' lang='lat' dir='ltr'><strong>ut</strong></span> <span class='ocrx_word' id='word_1_33' title='bbox 512 1629 715 1691; x_wconf 79' lang='lat' dir='ltr'><strong>memineritis</strong></span> <span class='ocrx_word' id='word_1_34' title='bbox 732 1630 828 1690; x_wconf 85' lang='lat' dir='ltr'><strong>restri</strong></span> <span class='ocrx_word' id='word_1_35' title='bbox 838 1642 869 1690; x_wconf 87' lang='lat' dir='ltr'><strong>et</strong></span> <span class='ocrx_word' id='word_1_36' title='bbox 881 1631 991 1705; x_wconf 80' lang='lat' dir='ltr'><strong>nostri,</strong></span> <span class='ocrx_word' id='word_1_37' title='bbox 1008 1630 1062 1712; x_wconf 89' lang='lat' dir='ltr'><strong>qui</strong></span> <span class='ocrx_word' id='word_1_38' title='bbox 1074 1631 1164 1692; x_wconf 85' lang='lat' dir='ltr'><strong>robis</strong></span> <span class='ocrx_word' id='word_1_39' title='bbox 1174 1651 1299 1714; x_wconf 80' lang='lat' dir='ltr'><strong>semper</strong></span> 
     </span>
     <span class='ocr_line' id='line_1_6' title="bbox 347 1729 1298 1812; baseline 0.004 -21"><span class='ocrx_word' id='word_1_40' title='bbox 347 1730 460 1791; x_wconf 87' lang='lat' dir='ltr'><strong>fideles</strong></span> <span class='ocrx_word' id='word_1_41' title='bbox 484 1731 668 1792; x_wconf 78' lang='lat' dir='ltr'><strong>extitimus:</strong></span> <span class='ocrx_word' id='word_1_42' title='bbox 702 1750 754 1806; x_wconf 87' lang='lat' dir='ltr'><strong>uc,</strong></span> <span class='ocrx_word' id='word_1_43' title='bbox 776 1729 862 1811; x_wconf 89' lang='lat' dir='ltr'><strong>quod</strong></span> <span class='ocrx_word' id='word_1_44' title='bbox 888 1731 980 1805; x_wconf 87' lang='lat' dir='ltr'><strong>absit,</strong></span> <span class='ocrx_word' id='word_1_45' title='bbox 1004 1730 1210 1812; x_wconf 85' lang='lat' dir='ltr'><strong>probabiliter</strong></span> <span class='ocrx_word' id='word_1_46' title='bbox 1233 1732 1298 1795; x_wconf 92' lang='lat' dir='ltr'><strong>dici</strong></span> 
     </span>
     <span class='ocr_line' id='line_1_7' title="bbox 347 1829 1298 1911; baseline 0.003 -20"><span class='ocrx_word' id='word_1_47' title='bbox 347 1832 461 1911; x_wconf 89' lang='lat' dir='ltr'><strong>possit,</strong></span> <span class='ocrx_word' id='word_1_48' title='bbox 470 1852 529 1891; x_wconf 91' lang='lat' dir='ltr'><strong>nos</strong></span> <span class='ocrx_word' id='word_1_49' title='bbox 545 1831 621 1892; x_wconf 85' lang='lat' dir='ltr'><strong>vitio</strong></span> <span class='ocrx_word' id='word_1_50' title='bbox 636 1829 873 1910; x_wconf 79' lang='lat' dir='ltr'><strong>ingratitudinis</strong></span> <span class='ocrx_word' id='word_1_51' title='bbox 885 1832 1035 1893; x_wconf 89' lang='lat' dir='ltr'><strong>laborare.</strong></span> <span class='ocrx_word' id='word_1_52' title='bbox 1068 1833 1175 1903; x_wconf 89' lang='lat' dir='ltr'><strong>Quum</strong></span> <span class='ocrx_word' id='word_1_53' title='bbox 1191 1845 1298 1894; x_wconf 87' lang='lat' dir='ltr'><strong>autem</strong></span> 
     </span>
     <span class='ocr_line' id='line_1_8' title="bbox 348 1930 1297 2012; baseline 0.005 -23"><span class='ocrx_word' id='word_1_54' title='bbox 348 1930 515 2004; x_wconf 86' lang='lat' dir='ltr'><strong>redieritis,</strong></span> <span class='ocrx_word' id='word_1_55' title='bbox 531 1952 596 1993; x_wconf 90' lang='lat' dir='ltr'><strong>non</strong></span> <span class='ocrx_word' id='word_1_56' title='bbox 619 1930 801 2012; x_wconf 87' lang='lat' dir='ltr'><strong>displicebit</strong></span> <span class='ocrx_word' id='word_1_57' title='bbox 822 1932 927 2004; x_wconf 77' lang='lat' dir='ltr'><strong>nobie,</strong></span> <span class='ocrx_word' id='word_1_58' title='bbox 944 1932 970 1993; x_wconf 91' lang='lat' dir='ltr'><strong>si</strong></span> <span class='ocrx_word' id='word_1_59' title='bbox 996 1932 1131 1993; x_wconf 75' lang='lat' dir='ltr'><strong>feceritis</strong></span> <span class='ocrx_word' id='word_1_60' title='bbox 1153 1932 1193 1994; x_wconf 91' lang='lat' dir='ltr'><strong>de</strong></span> <span class='ocrx_word' id='word_1_61' title='bbox 1216 1933 1297 1994; x_wconf 90' lang='lat' dir='ltr'><strong>min-</strong></span> 
     </span>
     <span class='ocr_line' id='line_1_9' title="bbox 348 2031 1297 2114; baseline 0.005 -23"><span class='ocrx_word' id='word_1_62' title='bbox 348 2031 455 2093; x_wconf 88' lang='lat' dir='ltr'><strong>isterio</strong></span> <span class='ocrx_word' id='word_1_63' title='bbox 477 2046 581 2094; x_wconf 87' lang='lat' dir='ltr'><strong>vestro</strong></span> <span class='ocrx_word' id='word_1_64' title='bbox 604 2031 692 2114; x_wconf 91' lang='lat' dir='ltr'><strong>qnod</strong></span> <span class='ocrx_word' id='word_1_65' title='bbox 716 2045 850 2094; x_wconf 87' lang='lat' dir='ltr'><strong>vestram</strong></span> <span class='ocrx_word' id='word_1_66' title='bbox 875 2032 998 2108; x_wconf 89' lang='lat' dir='ltr'><strong>deceat,</strong></span> <span class='ocrx_word' id='word_1_67' title='bbox 1018 2045 1049 2094; x_wconf 89' lang='lat' dir='ltr'><strong>et</strong></span> <span class='ocrx_word' id='word_1_68' title='bbox 1070 2048 1209 2095; x_wconf 86' lang='lat' dir='ltr'><strong>nostram</strong></span> <span class='ocrx_word' id='word_1_69' title='bbox 1233 2054 1297 2096; x_wconf 91' lang='lat' dir='ltr'><strong>uon</strong></span> 
     </span>
     <span class='ocr_line' id='line_1_10' title="bbox 350 2131 1298 2216; baseline 0.004 -24"><span class='ocrx_word' id='word_1_70' title='bbox 350 2131 504 2197; x_wconf 81' lang='lat' dir='ltr'><strong>dedeceat</strong></span> <span class='ocrx_word' id='word_1_71' title='bbox 519 2135 728 2196; x_wconf 85' lang='lat' dir='ltr'><strong>honestatem.</strong></span> <span class='ocrx_word' id='word_1_72' title='bbox 759 2135 845 2195; x_wconf 91' lang='lat' dir='ltr'><strong>Nam</strong></span> <span class='ocrx_word' id='word_1_73' title='bbox 861 2134 894 2195; x_wconf 89' lang='lat' dir='ltr'><strong>in</strong></span> <span class='ocrx_word' id='word_1_74' title='bbox 910 2134 960 2197; x_wconf 86' lang='lat' dir='ltr'><strong>lris</strong></span> <span class='ocrx_word' id='word_1_75' title='bbox 976 2156 1048 2216; x_wconf 89' lang='lat' dir='ltr'><strong>quae</strong></span> <span class='ocrx_word' id='word_1_76' title='bbox 1065 2135 1179 2196; x_wconf 89' lang='lat' dir='ltr'><strong>honori</strong></span> <span class='ocrx_word' id='word_1_77' title='bbox 1196 2146 1298 2197; x_wconf 88' lang='lat' dir='ltr'><strong>vestro</strong></span> 
     </span>
     <span class='ocr_line' id='line_1_11' title="bbox 349 2233 1297 2318; baseline 0.004 -24"><span class='ocrx_word' id='word_1_78' title='bbox 349 2233 543 2311; x_wconf 86' lang='lat' dir='ltr'><strong>conducent,</strong></span> <span class='ocrx_word' id='word_1_79' title='bbox 564 2257 624 2296; x_wconf 88' lang='lat' dir='ltr'><strong>nos</strong></span> <span class='ocrx_word' id='word_1_80' title='bbox 648 2236 844 2317; x_wconf 83' lang='lat' dir='ltr'><strong>beneplaciti</strong></span> <span class='ocrx_word' id='word_1_81' title='bbox 867 2235 973 2311; x_wconf 87' lang='lat' dir='ltr'><strong>rostri,</strong></span> <span class='ocrx_word' id='word_1_82' title='bbox 997 2237 1083 2318; x_wconf 94' lang='lat' dir='ltr'><strong>quod</strong></span> <span class='ocrx_word' id='word_1_83' title='bbox 1111 2236 1297 2318; x_wconf 85' lang='lat' dir='ltr'><strong>poterimus,</strong></span> 
     </span>
     <span class='ocr_line' id='line_1_12' title="bbox 348 2332 1300 2419; baseline 0.006 -26"><span class='ocrx_word' id='word_1_84' title='bbox 348 2332 507 2397; x_wconf 89' lang='lat' dir='ltr'><strong>habebitis</strong></span> <span class='ocrx_word' id='word_1_85' title='bbox 536 2336 707 2419; x_wconf 84' lang='lat' dir='ltr'><strong>adjutores.</strong></span> <span class='ocrx_word' id='word_1_86' title='bbox 756 2334 807 2397; x_wconf 83' lang='lat' dir='ltr'><strong>Ad</strong></span> <span class='ocrx_word' id='word_1_87' title='bbox 833 2336 893 2398; x_wconf 91' lang='lat' dir='ltr'><strong>hoc</strong></span> <span class='ocrx_word' id='word_1_88' title='bbox 925 2337 1038 2400; x_wconf 88' lang='lat' dir='ltr'><strong>inritat</strong></span> <span class='ocrx_word' id='word_1_89' title='bbox 1063 2335 1154 2409; x_wconf 85' lang='lat' dir='ltr'><strong>fides,</strong></span> <span class='ocrx_word' id='word_1_90' title='bbox 1186 2337 1300 2400; x_wconf 85' lang='lat' dir='ltr'><strong>suadet</strong></span> 
     </span>
     <span class='ocr_line' id='line_1_13' title="bbox 349 2436 1297 2519; baseline 0.003 -24"><span class='ocrx_word' id='word_1_91' title='bbox 349 2436 486 2513; x_wconf 86' lang='lat' dir='ltr'><strong>affectio,</strong></span> <span class='ocrx_word' id='word_1_92' title='bbox 502 2437 558 2499; x_wconf 90' lang='lat' dir='ltr'><strong>sed</strong></span> <span class='ocrx_word' id='word_1_93' title='bbox 575 2439 709 2501; x_wconf 89' lang='lat' dir='ltr'><strong>Samson</strong></span> <span class='ocrx_word' id='word_1_94' title='bbox 726 2438 778 2499; x_wconf 88' lang='lat' dir='ltr'><strong>illo</strong></span> <span class='ocrx_word' id='word_1_95' title='bbox 795 2439 971 2519; x_wconf 87' lang='lat' dir='ltr'><strong>compellit,</strong></span> <span class='ocrx_word' id='word_1_96' title='bbox 988 2440 1079 2501; x_wconf 90' lang='lat' dir='ltr'><strong>cuius</strong></span> <span class='ocrx_word' id='word_1_97' title='bbox 1095 2439 1248 2501; x_wconf 88' lang='lat' dir='ltr'><strong>memoria</strong></span> <span class='ocrx_word' id='word_1_98' title='bbox 1264 2439 1297 2499; x_wconf 91' lang='lat' dir='ltr'><strong>in</strong></span> 
     </span>
     <span class='ocr_line' id='line_1_14' title="bbox 349 2535 645 2600; baseline 0.01 -5"><span class='ocrx_word' id='word_1_99' title='bbox 349 2535 573 2600; x_wconf 88' lang='lat' dir='ltr'><strong>benedictione</strong></span> <span class='ocrx_word' id='word_1_100' title='bbox 589 2551 645 2600; x_wconf 89' lang='lat' dir='ltr'><strong>est.</strong></span> 
     </span>
    </p>
   </div>
   <div class='ocr_carea' id='block_1_3' title="bbox 379 2799 1265 2980">
    <p class='ocr_par' dir='ltr' id='par_1_3' title="bbox 379 2799 1265 2980">
     <span class='ocr_line' id='line_1_15' title="bbox 379 2799 1265 2864; baseline 0 -2"><span class='ocrx_word' id='word_1_101' title='bbox 379 2800 599 2862; x_wconf 84' lang='lat' dir='ltr'><strong>EPISTOLA</strong></span> <span class='ocrx_word' id='word_1_102' title='bbox 632 2799 943 2863; x_wconf 77' lang='lat' dir='ltr'><strong>CLXXVlll.—ao</strong></span> <span class='ocrx_word' id='word_1_103' title='bbox 973 2819 1265 2864; x_wconf 80' lang='lat' dir='ltr'><strong>aaaruorouraou</strong></span> 
     </span>
     <span class='ocr_line' id='line_1_16' title="bbox 478 2899 1167 2980; baseline 0.004 -21"><span class='ocrx_word' id='word_1_104' title='bbox 478 2916 694 2960; x_wconf 80' lang='lat' dir='ltr'><strong>axonraussu</strong></span> <span class='ocrx_word' id='word_1_105' title='bbox 710 2917 907 2960; x_wconf 79' lang='lat' dir='ltr'><strong>nrrscoruu.</strong></span> <span class='ocrx_word' id='word_1_106' title='bbox 957 2899 1039 2978; x_wconf 67' lang='lat' dir='ltr'><strong>[sn.</strong></span> <span class='ocrx_word' id='word_1_107' title='bbox 1059 2902 1167 2980; x_wconf 74' lang='lat' dir='ltr'><strong>lton]</strong></span> 
     </span>
    </p>
   </div>
   <div class='ocr_carea' id='block_1_4' title="bbox 650 3034 996 3098">
    <p class='ocr_par' dir='ltr' id='par_1_4' title="bbox 650 3034 996 3098">
     <span class='ocr_line' id='line_1_17' title="bbox 650 3034 996 3098; baseline 0.006 -2"><span class='ocrx_word' id='word_1_108' title='bbox 650 3034 792 3096; x_wconf 83' lang='lat' dir='ltr'><strong>Domino</strong></span> <span class='ocrx_word' id='word_1_109' title='bbox 804 3034 996 3098; x_wconf 77' lang='lat' dir='ltr'><strong>anniensr&#39;.</strong></span> 
     </span>
    </p>
   </div>
   <div class='ocr_carea' id='block_1_5' title="bbox 342 3142 1301 4826">
    <p class='ocr_par' dir='ltr' id='par_1_5' title="bbox 342 3142 1301 4826">
     <span class='ocr_line' id='line_1_18' title="bbox 392 3142 1300 3227; baseline 0.006 -21"><span class='ocrx_word' id='word_1_110' title='bbox 392 3143 452 3206; x_wconf 81' lang='lat' dir='ltr'><strong>Mu</strong></span> <span class='ocrx_word' id='word_1_111' title='bbox 468 3165 563 3207; x_wconf 89' lang='lat' dir='ltr'><strong>causa</strong></span> <span class='ocrx_word' id='word_1_112' title='bbox 578 3142 695 3224; x_wconf 85' lang='lat' dir='ltr'><strong>deplex</strong></span> <span class='ocrx_word' id='word_1_113' title='bbox 711 3143 993 3224; x_wconf 84' lang='lat' dir='ltr'><strong>impraeseutiarum</strong></span> <span class='ocrx_word' id='word_1_114' title='bbox 1015 3144 1142 3227; x_wconf 86' lang='lat' dir='ltr'><strong>impulit</strong></span> <span class='ocrx_word' id='word_1_115' title='bbox 1161 3147 1202 3209; x_wconf 86' lang='lat' dir='ltr'><strong>ad</strong></span> <span class='ocrx_word' id='word_1_116' title='bbox 1225 3150 1300 3210; x_wconf 89' lang='lat' dir='ltr'><strong>scri-</strong></span> 
     </span>
     <span class='ocr_line' id='line_1_19' title="bbox 347 3244 1300 3326; baseline 0.004 -19"><span class='ocrx_word' id='word_1_117' title='bbox 347 3245 500 3321; x_wconf 90' lang='lat' dir='ltr'><strong>bendum,</strong></span> <span class='ocrx_word' id='word_1_118' title='bbox 514 3256 581 3306; x_wconf 92' lang='lat' dir='ltr'><strong>tum</strong></span> <span class='ocrx_word' id='word_1_119' title='bbox 604 3263 644 3305; x_wconf 88' lang='lat' dir='ltr'><strong>ne</strong></span> <span class='ocrx_word' id='word_1_120' title='bbox 667 3255 781 3326; x_wconf 88' lang='lat' dir='ltr'><strong>praeter</strong></span> <span class='ocrx_word' id='word_1_121' title='bbox 803 3244 1070 3308; x_wconf 90' lang='lat' dir='ltr'><strong>consuetudinem</strong></span> <span class='ocrx_word' id='word_1_122' title='bbox 1094 3247 1163 3309; x_wconf 91' lang='lat' dir='ltr'><strong>sine</strong></span> <span class='ocrx_word' id='word_1_123' title='bbox 1186 3249 1300 3312; x_wconf 82' lang='lat' dir='ltr'><strong>litteris</strong></span> 
     </span>
     <span class='ocr_line' id='line_1_20' title="bbox 348 3344 1299 3431; baseline 0.002 -22"><span class='ocrx_word' id='word_1_124' title='bbox 348 3347 435 3409; x_wconf 88' lang='lat' dir='ltr'><strong>abire</strong></span> <span class='ocrx_word' id='word_1_125' title='bbox 450 3347 553 3430; x_wconf 88' lang='lat' dir='ltr'><strong>patiar</strong></span> <span class='ocrx_word' id='word_1_126' title='bbox 567 3347 707 3427; x_wconf 88' lang='lat' dir='ltr'><strong>aliquem</strong></span> <span class='ocrx_word' id='word_1_127' title='bbox 724 3344 765 3406; x_wconf 91' lang='lat' dir='ltr'><strong>ad</strong></span> <span class='ocrx_word' id='word_1_128' title='bbox 782 3366 839 3406; x_wconf 86' lang='lat' dir='ltr'><strong>ros</strong></span> <span class='ocrx_word' id='word_1_129' title='bbox 855 3344 895 3406; x_wconf 87' lang='lat' dir='ltr'><strong>de</strong></span> <span class='ocrx_word' id='word_1_130' title='bbox 918 3366 988 3407; x_wconf 87' lang='lat' dir='ltr'><strong>moa</strong></span> <span class='ocrx_word' id='word_1_131' title='bbox 1008 3348 1206 3410; x_wconf 88' lang='lat' dir='ltr'><strong>conscientia</strong></span> <span class='ocrx_word' id='word_1_132' title='bbox 1228 3370 1299 3431; x_wconf 90' lang='lat' dir='ltr'><strong>pro·</strong></span> 
     </span>
     <span class='ocr_line' id='line_1_21' title="bbox 349 3444 1301 3524; baseline 0.004 -17"><span class='ocrx_word' id='word_1_133' title='bbox 349 3445 558 3520; x_wconf 89' lang='lat' dir='ltr'><strong>ficisceutem,</strong></span> <span class='ocrx_word' id='word_1_134' title='bbox 580 3456 647 3507; x_wconf 87' lang='lat' dir='ltr'><strong>tum</strong></span> <span class='ocrx_word' id='word_1_135' title='bbox 672 3454 707 3505; x_wconf 91' lang='lat' dir='ltr'><strong>ut</strong></span> <span class='ocrx_word' id='word_1_136' title='bbox 729 3444 852 3514; x_wconf 84' lang='lat' dir='ltr'><strong>amicis,</strong></span> <span class='ocrx_word' id='word_1_137' title='bbox 875 3463 1008 3524; x_wconf 91' lang='lat' dir='ltr'><strong>quorum</strong></span> <span class='ocrx_word' id='word_1_138' title='bbox 1033 3446 1186 3508; x_wconf 86' lang='lat' dir='ltr'><strong>voluntati</strong></span> <span class='ocrx_word' id='word_1_139' title='bbox 1209 3449 1301 3511; x_wconf 88' lang='lat' dir='ltr'><strong>satis·</strong></span> 
     </span>
     <span class='ocr_line' id='line_1_22' title="bbox 349 3543 1299 3632; baseline 0.001 -23"><span class='ocrx_word' id='word_1_140' title='bbox 349 3545 416 3609; x_wconf 86' lang='lat' dir='ltr'><strong>fieri</strong></span> <span class='ocrx_word' id='word_1_141' title='bbox 433 3566 490 3627; x_wconf 92' lang='lat' dir='ltr'><strong>par</strong></span> <span class='ocrx_word' id='word_1_142' title='bbox 504 3554 563 3619; x_wconf 84' lang='lat' dir='ltr'><strong>est,</strong></span> <span class='ocrx_word' id='word_1_143' title='bbox 577 3564 696 3605; x_wconf 89' lang='lat' dir='ltr'><strong>morem</strong></span> <span class='ocrx_word' id='word_1_144' title='bbox 713 3563 831 3622; x_wconf 88' lang='lat' dir='ltr'><strong>geram.</strong></span> <span class='ocrx_word' id='word_1_145' title='bbox 873 3543 1050 3605; x_wconf 90' lang='lat' dir='ltr'><strong>Voluerunt</strong></span> <span class='ocrx_word' id='word_1_146' title='bbox 1065 3544 1150 3632; x_wconf 75' lang='lat' dir='ltr'><strong>enirn</strong></span> <span class='ocrx_word' id='word_1_147' title='bbox 1166 3546 1299 3609; x_wconf 89' lang='lat' dir='ltr'><strong>latorem</strong></span> 
     </span>
     <span class='ocr_line' id='line_1_23' title="bbox 348 3643 1299 3728; baseline 0.005 -23"><span class='ocrx_word' id='word_1_148' title='bbox 348 3644 553 3728; x_wconf 66' lang='lat' dir='ltr'><strong>praesentium</strong></span> <span class='ocrx_word' id='word_1_149' title='bbox 584 3665 603 3706; x_wconf 87' lang='lat' dir='ltr'><strong>a</strong></span> <span class='ocrx_word' id='word_1_150' title='bbox 633 3644 783 3705; x_wconf 88' lang='lat' dir='ltr'><strong>Deronia</strong></span> <span class='ocrx_word' id='word_1_151' title='bbox 814 3643 995 3720; x_wconf 89' lang='lat' dir='ltr'><strong>oriundum,</strong></span> <span class='ocrx_word' id='word_1_152' title='bbox 1025 3654 1060 3706; x_wconf 93' lang='lat' dir='ltr'><strong>ut</strong></span> <span class='ocrx_word' id='word_1_153' title='bbox 1090 3647 1208 3724; x_wconf 87' lang='lat' dir='ltr'><strong>asserit,</strong></span> <span class='ocrx_word' id='word_1_154' title='bbox 1239 3648 1299 3710; x_wconf 81' lang='lat' dir='ltr'><strong>etsi</strong></span> 
     </span>
     <span class='ocr_line' id='line_1_24' title="bbox 349 3743 1300 3827; baseline 0.003 -19"><span class='ocrx_word' id='word_1_155' title='bbox 349 3746 436 3809; x_wconf 89' lang='lat' dir='ltr'><strong>credi</strong></span> <span class='ocrx_word' id='word_1_156' title='bbox 459 3745 561 3827; x_wconf 86' lang='lat' dir='ltr'><strong>possit</strong></span> <span class='ocrx_word' id='word_1_157' title='bbox 582 3766 655 3807; x_wconf 89' lang='lat' dir='ltr'><strong>eum</strong></span> <span class='ocrx_word' id='word_1_158' title='bbox 677 3745 717 3806; x_wconf 90' lang='lat' dir='ltr'><strong>ab</strong></span> <span class='ocrx_word' id='word_1_159' title='bbox 739 3743 943 3807; x_wconf 86' lang='lat' dir='ltr'><strong>ulterioribus</strong></span> <span class='ocrx_word' id='word_1_160' title='bbox 966 3745 1168 3807; x_wconf 76' lang='lat' dir='ltr'><strong>convicaneis</strong></span> <span class='ocrx_word' id='word_1_161' title='bbox 1188 3750 1300 3810; x_wconf 82' lang='lat' dir='ltr'><strong>restria</strong></span> 
     </span>
     <span class='ocr_line' id='line_1_25' title="bbox 349 3843 1298 3923; baseline 0.002 -16"><span class='ocrx_word' id='word_1_162' title='bbox 349 3846 435 3908; x_wconf 91' lang='lat' dir='ltr'><strong>circa</strong></span> <span class='ocrx_word' id='word_1_163' title='bbox 463 3855 604 3906; x_wconf 89' lang='lat' dir='ltr'><strong>montem</strong></span> <span class='ocrx_word' id='word_1_164' title='bbox 635 3843 719 3905; x_wconf 87' lang='lat' dir='ltr'><strong>beati</strong></span> <span class='ocrx_word' id='word_1_165' title='bbox 742 3844 937 3923; x_wconf 80' lang='lat' dir='ltr'><strong>Archangeli</strong></span> <span class='ocrx_word' id='word_1_166' title='bbox 966 3843 999 3903; x_wconf 92' lang='lat' dir='ltr'><strong>in</strong></span> <span class='ocrx_word' id='word_1_167' title='bbox 1031 3845 1102 3905; x_wconf 90' lang='lat' dir='ltr'><strong>sinu</strong></span> <span class='ocrx_word' id='word_1_168' title='bbox 1133 3843 1298 3911; x_wconf 85' lang='lat' dir='ltr'><strong>Armorico</strong></span> 
     </span>
     <span class='ocr_line' id='line_1_26' title="bbox 350 3943 1299 4026; baseline 0.002 -19"><span class='ocrx_word' id='word_1_169' title='bbox 350 3945 484 4008; x_wconf 84' lang='lat' dir='ltr'><strong>traxisse</strong></span> <span class='ocrx_word' id='word_1_170' title='bbox 508 3944 672 4026; x_wconf 83' lang='lat' dir='ltr'><strong>originem,</strong></span> <span class='ocrx_word' id='word_1_171' title='bbox 687 3943 872 4025; x_wconf 88' lang='lat' dir='ltr'><strong>paternitati</strong></span> <span class='ocrx_word' id='word_1_172' title='bbox 896 3955 1111 4019; x_wconf 83' lang='lat' dir='ltr'><strong>vestrae,1ueae</strong></span> <span class='ocrx_word' id='word_1_173' title='bbox 1135 3948 1299 4026; x_wconf 85' lang='lat' dir='ltr'><strong>parvitatis</strong></span> 
     </span>
     <span class='ocr_line' id='line_1_27' title="bbox 347 4044 1299 4128; baseline 0 -20"><span class='ocrx_word' id='word_1_174' title='bbox 347 4048 465 4121; x_wconf 90' lang='lat' dir='ltr'><strong>officio,</strong></span> <span class='ocrx_word' id='word_1_175' title='bbox 481 4045 711 4117; x_wconf 87' lang='lat' dir='ltr'><strong>commendari,</strong></span> <span class='ocrx_word' id='word_1_176' title='bbox 733 4055 843 4128; x_wconf 90' lang='lat' dir='ltr'><strong>utpote</strong></span> <span class='ocrx_word' id='word_1_177' title='bbox 866 4066 961 4126; x_wconf 90' lang='lat' dir='ltr'><strong>quem</strong></span> <span class='ocrx_word' id='word_1_178' title='bbox 984 4044 1018 4105; x_wconf 92' lang='lat' dir='ltr'><strong>in</strong></span> <span class='ocrx_word' id='word_1_179' title='bbox 1040 4065 1124 4126; x_wconf 87' lang='lat' dir='ltr'><strong>pago</strong></span> <span class='ocrx_word' id='word_1_180' title='bbox 1146 4045 1299 4108; x_wconf 90' lang='lat' dir='ltr'><strong>Remensi</strong></span> 
     </span>
     <span class='ocr_line' id='line_1_28' title="bbox 347 4142 1298 4226; baseline 0.001 -20"><span class='ocrx_word' id='word_1_181' title='bbox 347 4165 402 4226; x_wconf 87' lang='lat' dir='ltr'><strong>per</strong></span> <span class='ocrx_word' id='word_1_182' title='bbox 417 4166 518 4207; x_wconf 85' lang='lat' dir='ltr'><strong>anuos</strong></span> <span class='ocrx_word' id='word_1_183' title='bbox 531 4144 736 4207; x_wconf 87' lang='lat' dir='ltr'><strong>laudabiliter</strong></span> <span class='ocrx_word' id='word_1_184' title='bbox 751 4155 785 4205; x_wconf 90' lang='lat' dir='ltr'><strong>et</strong></span> <span class='ocrx_word' id='word_1_185' title='bbox 800 4144 870 4204; x_wconf 86' lang='lat' dir='ltr'><strong>siue</strong></span> <span class='ocrx_word' id='word_1_186' title='bbox 887 4143 1017 4223; x_wconf 85' lang='lat' dir='ltr'><strong>querela</strong></span> <span class='ocrx_word' id='word_1_187' title='bbox 1032 4142 1203 4224; x_wconf 85' lang='lat' dir='ltr'><strong>perhibent</strong></span> <span class='ocrx_word' id='word_1_188' title='bbox 1221 4167 1298 4207; x_wconf 85' lang='lat' dir='ltr'><strong>con·</strong></span> 
     </span>
     <span class='ocr_line' id='line_1_29' title="bbox 346 4242 1298 4324; baseline 0.005 -20"><span class='ocrx_word' id='word_1_189' title='bbox 346 4255 513 4307; x_wconf 80' lang='lat' dir='ltr'><strong>versatum.</strong></span> <span class='ocrx_word' id='word_1_190' title='bbox 557 4246 628 4307; x_wconf 90' lang='lat' dir='ltr'><strong>lllis</strong></span> <span class='ocrx_word' id='word_1_191' title='bbox 642 4246 750 4324; x_wconf 89' lang='lat' dir='ltr'><strong>itaque</strong></span> <span class='ocrx_word' id='word_1_192' title='bbox 766 4243 965 4305; x_wconf 77' lang='lat' dir='ltr'><strong>satisfaciens</strong></span> <span class='ocrx_word' id='word_1_193' title='bbox 979 4242 1088 4323; x_wconf 89' lang='lat' dir='ltr'><strong>pietati</strong></span> <span class='ocrx_word' id='word_1_194' title='bbox 1106 4255 1218 4305; x_wconf 86' lang='lat' dir='ltr'><strong>restrae</strong></span> <span class='ocrx_word' id='word_1_195' title='bbox 1234 4254 1298 4308; x_wconf 88' lang='lat' dir='ltr'><strong>tam</strong></span> 
     </span>
     <span class='ocr_line' id='line_1_30' title="bbox 346 4344 1299 4428; baseline 0.003 -21"><span class='ocrx_word' id='word_1_196' title='bbox 346 4366 483 4421; x_wconf 88' lang='lat' dir='ltr'><strong>securas,</strong></span> <span class='ocrx_word' id='word_1_197' title='bbox 501 4367 597 4428; x_wconf 92' lang='lat' dir='ltr'><strong>quam</strong></span> <span class='ocrx_word' id='word_1_198' title='bbox 619 4345 759 4407; x_wconf 87' lang='lat' dir='ltr'><strong>sinceras</strong></span> <span class='ocrx_word' id='word_1_199' title='bbox 773 4344 902 4426; x_wconf 86' lang='lat' dir='ltr'><strong>porrigo</strong></span> <span class='ocrx_word' id='word_1_200' title='bbox 918 4365 1039 4425; x_wconf 76' lang='lat' dir='ltr'><strong>preceS,</strong></span> <span class='ocrx_word' id='word_1_201' title='bbox 1054 4365 1151 4427; x_wconf 83' lang='lat' dir='ltr'><strong>quum</strong></span> <span class='ocrx_word' id='word_1_202' title='bbox 1173 4347 1299 4427; x_wconf 90' lang='lat' dir='ltr'><strong>pridem</strong></span> 
     </span>
     <span class='ocr_line' id='line_1_31' title="bbox 346 4444 1300 4527; baseline 0.003 -19"><span class='ocrx_word' id='word_1_203' title='bbox 346 4456 379 4508; x_wconf 88' lang='lat' dir='ltr'><strong>ct</strong></span> <span class='ocrx_word' id='word_1_204' title='bbox 393 4468 495 4509; x_wconf 88' lang='lat' dir='ltr'><strong>rorum</strong></span> <span class='ocrx_word' id='word_1_205' title='bbox 511 4446 710 4527; x_wconf 85' lang='lat' dir='ltr'><strong>experientia</strong></span> <span class='ocrx_word' id='word_1_206' title='bbox 725 4458 758 4507; x_wconf 88' lang='lat' dir='ltr'><strong>et</strong></span> <span class='ocrx_word' id='word_1_207' title='bbox 773 4444 923 4506; x_wconf 90' lang='lat' dir='ltr'><strong>condicto</strong></span> <span class='ocrx_word' id='word_1_208' title='bbox 939 4445 1014 4506; x_wconf 91' lang='lat' dir='ltr'><strong>mihi</strong></span> <span class='ocrx_word' id='word_1_209' title='bbox 1031 4445 1114 4507; x_wconf 88' lang='lat' dir='ltr'><strong>sicut</strong></span> <span class='ocrx_word' id='word_1_210' title='bbox 1139 4456 1171 4508; x_wconf 93' lang='lat' dir='ltr'><strong>et</strong></span> <span class='ocrx_word' id='word_1_211' title='bbox 1192 4448 1300 4511; x_wconf 88' lang='lat' dir='ltr'><strong>multis</strong></span> 
     </span>
     <span class='ocr_line' id='line_1_32' title="bbox 342 4541 1299 4626; baseline 0.002 -16"><span class='ocrx_word' id='word_1_212' title='bbox 342 4559 467 4610; x_wconf 87' lang='lat' dir='ltr'><strong>constet</strong></span> <span class='ocrx_word' id='word_1_213' title='bbox 481 4545 704 4609; x_wconf 88' lang='lat' dir='ltr'><strong>discretionem</strong></span> <span class='ocrx_word' id='word_1_214' title='bbox 721 4559 856 4607; x_wconf 74' lang='lat' dir='ltr'><strong>vestram</strong></span> <span class='ocrx_word' id='word_1_215' title='bbox 872 4541 963 4623; x_wconf 83' lang='lat' dir='ltr'><strong>legis,</strong></span> <span class='ocrx_word' id='word_1_216' title='bbox 976 4565 1047 4626; x_wconf 86' lang='lat' dir='ltr'><strong>quae</strong></span> <span class='ocrx_word' id='word_1_217' title='bbox 1063 4541 1146 4606; x_wconf 91' lang='lat' dir='ltr'><strong>inter</strong></span> <span class='ocrx_word' id='word_1_218' title='bbox 1162 4548 1299 4618; x_wconf 84' lang='lat' dir='ltr'><strong>amicos,</strong></span> 
     </span>
     <span class='ocr_line' id='line_1_33' title="bbox 343 4643 1295 4731; baseline 0.001 -22"><span class='ocrx_word' id='word_1_219' title='bbox 343 4663 407 4709; x_wconf 89' lang='lat' dir='ltr'><strong>tam</strong></span> <span class='ocrx_word' id='word_1_220' title='bbox 428 4646 586 4731; x_wconf 85' lang='lat' dir='ltr'><strong>aequitatis</strong></span> <span class='ocrx_word' id='word_1_221' title='bbox 607 4665 702 4707; x_wconf 83' lang='lat' dir='ltr'><strong>suasu</strong></span> <span class='ocrx_word' id='word_1_222' title='bbox 726 4665 821 4727; x_wconf 84' lang='lat' dir='ltr'><strong>quarn</strong></span> <span class='ocrx_word' id='word_1_223' title='bbox 846 4643 975 4706; x_wconf 82' lang='lat' dir='ltr'><strong>decreto</strong></span> <span class='ocrx_word' id='word_1_224' title='bbox 998 4643 1295 4727; x_wconf 85' lang='lat' dir='ltr'><strong>philosophantium</strong></span> 
     </span>
     <span class='ocr_line' id='line_1_34' title="bbox 345 4744 1300 4826; baseline 0.002 -17"><span class='ocrx_word' id='word_1_225' title='bbox 345 4749 469 4811; x_wconf 89' lang='lat' dir='ltr'><strong>sancita</strong></span> <span class='ocrx_word' id='word_1_226' title='bbox 480 4757 538 4822; x_wconf 88' lang='lat' dir='ltr'><strong>est,</strong></span> <span class='ocrx_word' id='word_1_227' title='bbox 548 4766 612 4808; x_wconf 92' lang='lat' dir='ltr'><strong>non</strong></span> <span class='ocrx_word' id='word_1_228' title='bbox 625 4765 696 4807; x_wconf 86' lang='lat' dir='ltr'><strong>esse</strong></span> <span class='ocrx_word' id='word_1_229' title='bbox 708 4744 864 4826; x_wconf 85' lang='lat' dir='ltr'><strong>ignarum.</strong></span> <span class='ocrx_word' id='word_1_230' title='bbox 888 4745 939 4806; x_wconf 85' lang='lat' dir='ltr'><strong>Ea</strong></span> <span class='ocrx_word' id='word_1_231' title='bbox 951 4754 1056 4806; x_wconf 89' lang='lat' dir='ltr'><strong>autem</strong></span> <span class='ocrx_word' id='word_1_232' title='bbox 1069 4755 1128 4822; x_wconf 85' lang='lat' dir='ltr'><strong>cst,</strong></span> <span class='ocrx_word' id='word_1_233' title='bbox 1139 4756 1174 4807; x_wconf 91' lang='lat' dir='ltr'><strong>nt</strong></span> <span class='ocrx_word' id='word_1_234' title='bbox 1187 4749 1300 4811; x_wconf 87' lang='lat' dir='ltr'><strong>melius</strong></span> 
     </span>
    </p>
   </div>
   <div class='ocr_carea' id='block_1_6' title="bbox 0 0 1654 6434">
    <p class='ocr_par' dir='ltr' id='par_1_6' title="bbox 0 0 1654 6434">
     <span class='ocr_line' id='line_1_35' title="bbox 0 0 1654 6434; baseline 0 0"><span class='ocrx_word' id='word_1_235' title='bbox 0 0 1654 6434; x_wconf 95' lang='lat' dir='ltr'><strong> </strong></span> 
     </span>
    </p>
   </div>
  </div>
 </body>
</html>
