3300 6434
438 1220 498 1279 102
687 1227 823 1275 rotonis
838 1227 1113 1275 rrnnsrunrnusrs
1289 1214 1336 1288 [u.
1354 1231 1385 1279 n.

429 1382 595 1469 judicium.
640 1378 735 1455 Quod
759 1390 795 1444 ut
817 1378 945 1464 poscitis
964 1377 1143 1444 examinare
1165 1378 1299 1456 fecilior,
1315 1402 1382 1445 rem

433 1483 543 1569 prucis
568 1479 716 1568 aperiam.
762 1480 893 1568 Elapsis
916 1479 1090 1546 admodum
1116 1479 1227 1565 paucio
1254 1478 1384 1555 diebus,

432 1591 602 1668 postquem
625 1581 666 1649 ad
688 1602 745 1646 nos
766 1578 935 1666 applicuit,
961 1577 1064 1663 polum
1091 1577 1240 1646 omnibur
1261 1579 1385 1646 tactum

433 1696 491 1764 rot,
506 1682 583 1771 quic
597 1682 626 1748 ei
640 1680 730 1748 lnbor
750 1680 899 1766 puderet,
914 1693 946 1745 et
962 1680 1053 1747 robis
1072 1701 1170 1765 opere
1183 1690 1217 1746 et
1230 1679 1385 1766 impenso.

433 1782 563 1854 Deinde
584 1783 807 1858 uobiscum,et
830 1781 863 1844 in
886 1779 1022 1847 circuitu
1044 1794 1154 1848 nostro
1175 1794 1316 1849 moretur
1336 1795 1386 1849 ert

433 1906 492 1969 per
506 1883 575 1952 dien
589 1882 724 1969 aliquot,
736 1896 768 1949 et
780 1904 813 1948 uc
829 1880 930 1952 levius
944 1904 1041 1967 quem
1057 1882 1234 1970 expediret,
1244 1882 1278 1950 in
1288 1882 1387 1950 verbo

434 1985 592 2056 duntexnt
607 1997 640 2052 et
655 1996 749 2070 gestu
763 1983 857 2064 (nihil
873 1987 956 2052 enim
972 1982 1178 2056 criminosum
1194 1984 1225 2051 in
1241 2008 1279 2051 oo
1292 1986 1387 2070 argui

433 2091 552 2174 potest)
576 2087 739 2173 paulisper
760 2085 879 2153 hebere
903 2084 1011 2172 coepit.
1057 2084 1234 2153 Conlluunt
1260 2085 1301 2152 cd
1327 2108 1386 2152 non

433 2190 526 2258 multi
541 2192 701 2275 rapientes
719 2200 753 2253 et
774 2187 971 2274 insipientes,
987 2200 1023 2254 ut
1039 2210 1129 2255 error
1142 2202 1200 2255 eut
1215 2187 1387 2274 prudentio

435 2311 590 2375 outonem
628 2289 728 2375 posuit
764 2288 891 2355 fecilior
918 2286 1123 2375 deprehendi
1184 2289 1274 2355 Sicut
1308 2312 1387 2375 ergo

435 2390 581 2475 placebat
603 2388 739 2456 hominio
761 2389 915 2457 cobrietee
936 2402 969 2456 et
990 2390 1259 2467 continentium:
1274 2390 1387 2457 levites

437 2489 539 2567 verbi,
553 2504 583 2557 ct
600 2505 722 2576 gestum
738 2503 770 2555 et
785 2490 985 2558 conciliorum
1006 2491 1218 2559 inconstantia
1240 2490 1386 2578 displice-

435 2592 503 2662 but.
548 2592 744 2658 Morebetur
766 2591 849 2660 enim
875 2591 967 2660 facile
992 2606 1025 2658 et
1050 2596 1307 2679 intemperanter,
1330 2593 1385 2659 sed

436 2693 515 2767 irum
542 2693 702 2763 interdum
729 2693 823 2760 facilc
849 2694 1040 2780 deponebat,
1066 2709 1099 2761 et
1121 2695 1199 2781 orde
1220 2696 1385 2762 convictus

436 2795 615 2876 runchum,
629 2795 858 2886 popularisque
877 2795 1035 2864 tumultur
1056 2796 1298 2884 simplicioribus
1319 2799 1386 2865 eni-

435 2898 496 2965 mio
506 2919 679 2984 numquam
690 2910 746 2967 cut
758 2921 831 2965 raro
842 2899 967 2985 prolicit
981 2899 1023 2964 ed
1038 2900 1231 2985 religionem,
1239 2901 1387 2968 consulto

435 2999 540 3089 ipsum
555 3000 639 3066 circe
650 3000 849 3081 monasterie,
859 3015 890 3065 et
900 3000 1077 3078 canonicos,
1088 3002 1210 3088 quibui
1220 3003 1385 3071 familiaris

435 3122 534 3177 erum,
546 3099 623 3164 dum
633 3100 721 3185 apud
732 3122 790 3165 nou
800 3097 951 3187 degebat,
961 3098 1046 3167 volui
1058 3100 1230 3171 immorari.
1252 3103 1385 3171 Interim

437 3221 567 3285 qunque
582 3198 718 3275 contuli,
733 3212 770 3266 ut
785 3213 938 3284 cognatos
956 3224 1042 3281 uuor,
1056 3223 1140 3287 quoe
1154 3201 1290 3277 volebat,
1306 3203 1387 3265 inri-

436 3314 534 3368 reret:
558 3300 604 3369 ito
615 3318 719 3369 tamen
735 3314 773 3369 ut
785 3302 833 3371 ein
840 3325 1042 3391 nequaquem
1054 3304 1145 3371 deret
1159 3326 1246 3389 opem
1262 3303 1388 3371 reditus

435 3404 495 3471 sui.
541 3406 704 3498 Expertum
729 3404 813 3471 euim
840 3427 909 3471 uum
935 3405 968 3470 in
991 3405 1103 3473 multis
1126 3404 1273 3491 negotiis,
1294 3408 1384 3491 quod

436 3530 538 3596 quum
567 3509 600 3575 ln
631 3509 727 3574 turbo
756 3507 890 3573 mculeri
919 3508 1021 3574 nolum
1051 3509 1240 3574 monachum
1267 3511 1385 3573 verenti

435 3610 649 3695 periculorum
665 3611 765 3691 eut,in
780 3623 876 3695 gente
890 3624 998 3676 nostru
1014 3610 1310 3696 periculosissimum
1326 3624 1385 3676 est.

436 3712 580 3774 Puerum
593 3734 680 3794 ergo,
697 3734 865 3797 perquem
880 3710 971 3775 vobis
985 3710 1104 3794 gratias
1118 3711 1169 3798 egi
1184 3710 1225 3778 de
1239 3713 1386 3797 panibus,

437 3822 548 3896 potum
580 3833 709 3896 quoque
739 3826 860 3898 petens,
889 3812 1039 3901 quoniam
1069 3835 1132 3877 non
1161 3814 1262 3897 magis
1290 3814 1387 3900 epulo

436 3933 533 3995 quom
550 3911 625 3975 bibo
640 3934 722 3988 sum,
735 3913 815 3979 sicut
831 3915 942 3991 nostis,
955 3914 997 3977 ud
1013 3936 1068 3977 vos
1082 3914 1249 3992 destinari,
1267 3929 1303 3980 ut
1319 3939 1386 3980 ves-

436 4026 519 4077 trum
537 4032 633 4097 super
649 4032 735 4075 mora
747 4012 796 4076 vel
812 4013 916 4081 reditu
933 4016 1004 4100 ejus
1018 4013 1184 4079 consilium
1199 4028 1384 4100 reportaret.

436 4112 512 4188 Quo
531 4134 652 4178 moram
671 4113 816 4192 faciente,
840 4138 940 4202 quum
962 4116 1022 4179 hoc
1042 4114 1193 4200 expedire
1211 4137 1385 4191 cernerem,

435 4218 565 4281 fratrem
582 4216 738 4281 Thomarn
760 4219 879 4293 monui,
896 4231 934 4283 ut
949 4217 1077 4283 rediret.
1122 4217 1295 4281 Molestum
1313 4220 1384 4303 qui-

435 4319 506 4387 dem
532 4318 609 4396 suit,
635 4339 692 4384 nec
716 4320 758 4384 ob
785 4319 845 4383 boc
866 4320 987 4401 destiti,
1009 4319 1064 4387 sed
1087 4342 1125 4383 eo
1147 4318 1249 4404 mogis
1269 4319 1383 4396 institi,

435 4421 522 4507 quod
545 4419 586 4484 de
600 4443 638 4486 eo
653 4420 829 4498 retinendo,
846 4421 963 4506 plures,
987 4425 1044 4509 qui
1066 4444 1140 4486 eum
1155 4422 1196 4486 ad
1213 4421 1385 4502 modicum,

435 4536 479 4597 et,
507 4535 542 4592 ut
573 4520 621 4594 fit,
645 4519 678 4583 in
709 4520 845 4585 transitu
872 4519 1029 4596 viderunt,
1055 4520 1202 4586 ridebam
1226 4520 1385 4586 sollicitos.

435 4623 517 4688 Nem
547 4635 579 4683 et
608 4644 658 4686 me
688 4619 820 4703 quidum
852 4642 960 4684 eorum
996 4620 1217 4691 sollicitabant.
1278 4621 1386 4706 Magis

434 4723 542 4807 imque
568 4734 674 4791 motus
698 4741 778 4794 sum,
804 4733 835 4783 et
862 4732 896 4783 ut
923 4718 1053 4797 rediret,
1077 4723 1228 4806 majorem
1254 4742 1383 4805 operum

434 4823 517 4890 dedi.
563 4825 646 4886 Nam
670 4820 709 4884 de
732 4820 887 4887 industria
911 4820 1055 4885 subtraxi
1080 4836 1239 4910 sumptus,
1256 4822 1385 4889 consilia
