3300 6434
350 1249 458 1327 lieo]
722 1259 903 1304 aristone.
1233 1246 1297 1302 279

343 1404 445 1477 refert
490 1416 576 1477 Nam
596 1413 793 1496 quicumque
814 1432 872 1493 pro
887 1411 1015 1493 justitia
1037 1411 1164 1493 patitur,
1179 1419 1295 1491 martyr

343 1525 402 1589 est,
427 1512 461 1575 id
487 1523 534 1575 est
560 1512 666 1573 Testis
692 1510 834 1593 justitiae,
864 1522 1000 1572 assertor
1030 1531 1134 1571 causae
1164 1509 1294 1572 Christi.

343 1613 410 1676 Sed
440 1634 590 1695 quorsum
615 1610 707 1674 haec?
758 1611 834 1673 Scio
869 1611 967 1686 enim,
1003 1610 1177 1673 secundum
1208 1611 1295 1693 quod

344 1715 493 1795 praesagit
509 1714 643 1789 animus,
659 1711 747 1794 quod
770 1733 829 1774 rex
849 1725 981 1776 eatenus
1001 1734 1067 1775 nou
1084 1713 1295 1786 convalescet,

345 1825 380 1876 ut
397 1815 436 1876 de
453 1814 623 1876 securitate
639 1813 691 1892 agi
707 1824 863 1896 oporteat,
874 1824 906 1876 et
921 1814 995 1896 quia
1009 1815 1066 1876 illa
1079 1814 1297 1876 robustissima

345 1916 496 1977 columna
520 1915 631 1995 templi
655 1914 744 1990 dicit,
771 1914 859 1996 quod
885 1915 1038 1998 quicquid
1064 1914 1170 1995 agitis,
1192 1916 1296 1977 extol·

347 2015 453 2077 lentiae
476 2026 534 2090 est,
550 2026 604 2078 aut
626 2015 690 2077 irae.
731 2014 819 2077 Huic
836 2015 981 2097 opinioni
997 2013 1226 2077 occurrendum
1249 2026 1299 2078 est

346 2116 545 2178 exhibitione
557 2114 867 2191 moderationique]
883 2117 916 2177 in
932 2117 1025 2179 sactis
1040 2126 1073 2178 et
1084 2114 1190 2190 dictis,
1201 2137 1297 2199 quam

347 2218 382 2278 in
399 2228 491 2296 gestu
506 2226 538 2278 et
553 2217 684 2290 habitn;
707 2215 792 2299 quod
811 2227 919 2278 tamen
940 2215 1026 2299 apud
1043 2217 1218 2279 Dominum
1233 2237 1299 2287 nou

348 2318 482 2380 multum
498 2317 639 2401 prodest,
655 2318 717 2380 uisi
735 2315 775 2378 de
791 2338 907 2379 arcano
923 2317 1126 2381 conscientiae
1142 2315 1284 2401 prodeat

393 2419 443 2481 De
466 2419 592 2498 negotio
625 2417 854 2480 Saresberiensi
884 2420 1002 2496 recolo,
1026 2418 1113 2502 quod
1140 2440 1183 2481 ex
1209 2428 1299 2502 parte

348 2522 491 2604 episcopi
522 2532 553 2583 et
583 2519 741 2597 ecclesia,
767 2519 807 2581 de
834 2521 1010 2583 intrusione
1039 2519 1165 2593 decani,
1191 2518 1300 2582 audivi

349 2624 525 2700 vobiscum,
542 2635 574 2684 et
589 2623 815 2703 episcoporum
839 2622 1122 2698 circumventione,
1138 2623 1193 2706 qui
1216 2622 1302 2704 epis-

349 2744 464 2805 copum
497 2735 529 2785 et
559 2722 741 2785 Ecclesiam
779 2743 837 2784 suo
867 2724 1004 2786 consilio
1033 2723 1232 2787 induxerunt
1259 2722 1302 2785 ad

350 2824 630 2904 transgressionem
653 2821 822 2903 apostolici
846 2822 1006 2886 mandati:
1035 2836 1068 2885 et
1089 2825 1117 2886 si
1139 2824 1225 2907 apud
1248 2824 1305 2886 bo-

350 2924 462 2998 mines‚
493 2924 576 2985 sicut
600 2923 673 3004 jure
703 2935 834 2984 cautum
863 2936 923 2999 est,
947 2925 1026 2986 nulli
1055 2926 1305 3006 patrocinabitur

352 3024 447 3085 dolus
468 3044 554 3098 suus,
570 3023 670 3083 multo
693 3021 800 3082 minus
815 3023 1067 3104 patrocinabitur
1082 3024 1168 3105 apud
1191 3025 1305 3086 Domi-

349 3144 437 3198 num,
453 3120 507 3205 qui
523 3121 687 3203 disperdet
708 3121 795 3183 labia
815 3121 938 3191 dolosa,
954 3135 987 3184 et
1010 3122 1212 3205 pmdentiam
1228 3144 1303 3206 pru-

351 3224 480 3286 dentum
506 3222 697 3305 reprobabit.
744 3223 788 3285 Et
811 3222 897 3285 sicut
923 3223 1001 3285 mihi
1032 3225 1073 3287 ab
1100 3226 1178 3287 urbe
1204 3225 1302 3306 signi·

352 3323 480 3386 ficetum
511 3334 570 3396 est,
601 3334 634 3385 et
663 3344 722 3404 ego
749 3323 839 3386 robis
869 3324 1035 3407 scripsisse
1072 3348 1123 3389 me
1161 3326 1303 3400 memini,

351 3424 501 3488 dominus
525 3444 611 3505 papa
626 3422 695 3505 jam
719 3434 854 3486 vestram
878 3426 1069 3488 senteutiam
1093 3426 1302 3505 confirmarit,

351 3526 416 3588 imo
431 3547 519 3588 suam
537 3524 711 3586 vindicavit
725 3524 886 3605 iujuriam.

395 3627 446 3688 De
475 3624 690 3707 appellatione
719 3625 941 3707 episcoporum
968 3626 1047 3708 quid
1075 3628 1209 3690 sentiam
1239 3651 1304 3693 non

353 3725 467 3799 silebo,
483 3725 558 3807 quia
580 3724 669 3785 liberi
692 3745 761 3786 esse
784 3726 909 3802 nolunt,
925 3726 1023 3788 timeo
1038 3748 1080 3790 ue
1100 3739 1306 3812 perpetuetur

354 3847 463 3889 eorum
488 3824 630 3900 servitus,
650 3824 723 3906 jure
747 3825 887 3908 quidem,
911 3828 987 3909 qnia
1009 3850 1107 3911 quum
1132 3850 1235 3893 annus
1257 3851 1306 3894 re·

354 3927 516 3991 missionis
537 3926 675 4003 adesset,
697 3948 800 3990 annus
823 3929 972 3991 videlicet
993 3930 1112 4010 gratia,
1135 3931 1306 4002 ecclesiam

354 4029 387 4090 in
403 4030 578 4092 libertatern
596 4029 770 4102 evocantis,
787 4043 860 4111 post
874 4051 933 4093 sex
948 4051 1050 4093 annos
1065 4032 1181 4113 quibus
1196 4032 1306 4096 afflicti

354 4139 454 4203 eraut,
481 4128 573 4210 quasi
597 4127 631 4188 in
656 4128 724 4190 luto
747 4139 780 4189 et
802 4129 914 4205 latere,
938 4129 1127 4205 maluerunt,
1153 4151 1192 4192 eo
1219 4132 1305 4213 quod

355 4226 486 4309 quidam
516 4247 626 4288 eorum
656 4247 773 4288 uxores
803 4226 972 4302 duxerant,
996 4248 1129 4309 quarum
1159 4240 1306 4295 tenentur

355 4327 534 4395 affectione,
558 4327 612 4388 alii
633 4327 714 4409 juga
743 4328 842 4388 boum
871 4326 1007 4409 plurima
1037 4328 1226 4409 adunarunt,
1251 4333 1306 4395 alii

354 4427 613 4491 thesaurizabant
633 4426 813 4509 pecuniam,
833 4427 1014 4491 nescientes
1036 4440 1141 4493 tamen
1157 4431 1210 4493 cui
1226 4452 1304 4495 con-

357 4542 513 4609 gregetur,
530 4528 584 4590 alii
606 4527 675 4590 aliis
696 4540 728 4590 et
744 4527 836 4590 variis
851 4529 1067 4609 voluptatibus
1090 4551 1124 4593 se
1140 4529 1305 4611 dederunt,

358 4639 391 4692 et
404 4640 566 4710 premente
588 4650 621 4690 se
635 4629 715 4711 jugo
738 4629 799 4691 sibi
822 4630 1016 4713 placentium
1032 4631 1189 4708 vitiorum,
1204 4636 1306 4700 malu-

357 4741 457 4805 erunt,
479 4730 621 4810 inquam,
644 4729 676 4790 in
700 4730 834 4812 antiqua
859 4731 1006 4793 servitute
1029 4734 1139 4807 teneri,
1161 4746 1193 4797 et
1214 4757 1304 4800 aures

356 4853 428 4894 suas
454 4832 603 4913 perforari
634 4832 747 4894 subula
774 4843 937 4914 perpctnae
969 4833 1138 4912 servitutis,
1165 4838 1240 4920 quia
1276 4859 1309 4899 se
