3300 6434
684 1136 819 1182 sossius
836 1135 1114 1184 ssausnnmssms
1288 1119 1332 1201 [s.
1350 1141 1381 1186 n.

585 1384 587 1386 ,
614 1313 834 1378 EPISTOLA
858 1316 1023 1380 Vll-sn
1039 1335 1191 1380 sosoma.

696 1453 837 1513 Domino
849 1441 943 1532 pope
959 1452 1116 1513 Adriano.

468 1586 638 1648 Psscrsus
665 1578 781 1644 nobilis
807 1580 866 1644 riri
895 1581 976 1667 Rag.
1001 1582 1042 1646 de
1073 1596 1181 1647 sancto
1208 1584 1377 1662 walerico,

424 1683 597 1748 venerabili
612 1681 703 1746 fratri
719 1695 828 1746 nostro
841 1682 983 1746 Ricardo
998 1683 1212 1750 Londoniensi
1227 1685 1376 1773 episcopo

423 1785 571 1850 dedimus
593 1784 626 1847 in
651 1782 821 1861 mandatis,
848 1797 885 1847 ut
906 1784 935 1847 ei
961 1784 1002 1849 de
1028 1785 1145 1850 comite
1171 1787 1329 1864 Alberico,
1356 1809 1376 1850 a

422 1911 488 1974 quo
511 1888 571 1952 sibi
594 1890 635 1950 60
659 1907 781 1950 marcas
804 1884 867 1948 fide
890 1884 1079 1973 interposita
1101 1886 1212 1952 deberi
1237 1889 1376 1969 dicebat,

419 1990 601 2055 canonicam
634 1987 792 2075 justitiam
830 1987 1006 2053 exhiberet.
1067 1990 1247 2076 Episcopus
1284 2012 1371 2066 vero,

419 2092 521 2156 causis
543 2090 737 2176 quibusdam
765 2091 1054 2155 intervenientibus
1083 2091 1269 2156 mandatum
1302 2111 1372 2155 nos-

420 2207 505 2259 trum
529 2191 646 2274 exequi
669 2189 878 2274 praepeditus,
901 2191 1113 2274 cognitionem
1137 2193 1371 2258 venerabilibus

421 2293 498 2358 viris
524 2291 609 2356 Rad.
635 2288 737 2355 Innd.
764 2289 897 2365 decano,
923 2291 1015 2375 Hug.
1039 2291 1261 2358 archidiacono
1287 2294 1371 2358 dele-

420 2395 519 2482 garit.
564 2395 671 2471 Quum
698 2414 775 2475 ergo
799 2414 872 2456 reus
897 2392 992 2456 tertio
1015 2390 1166 2474 legitimis
1195 2393 1371 2459 intervallis

420 2498 539 2563 citatus
559 2509 655 2568 esset,
679 2505 712 2557 et
736 2508 867 2558 auctore
890 2492 1025 2580 probato
1047 2493 1243 2580 propositam
1265 2497 1370 2561 inten-

420 2601 536 2664 tionem
553 2596 700 2683 implens,
716 2618 778 2659 non
794 2596 915 2660 faceret
930 2593 1053 2682 copiam
1077 2595 1138 2672 sui,
1153 2618 1210 2659 nec
1225 2609 1261 2660 ut
1278 2618 1371 2682 opor-

419 2700 519 2774 tebat,
532 2697 722 2762 sufficientes
731 2711 934 2762 excusatores
949 2709 1005 2762 aut
1017 2696 1212 2781 responsales
1222 2695 1368 2774 misisset,

420 2813 614 2865 memoratus
637 2803 680 2866 R.
703 2812 792 2864 actor
816 2822 933 2884 magna
958 2798 1133 2885 postulavit
1159 2798 1308 2862 instantia
1334 2810 1372 2862 ut

414 2901 541 2990 judices
566 2923 621 2964 seu
646 2901 788 2964 tramites
808 2901 892 2986 juris
919 2923 977 2963 suo
1006 2897 1108 2965 officio
1136 2900 1367 2985 fungerentur:

416 3002 480 3067 illis
500 3014 607 3067 autem
630 3002 897 3088 respondentibus
922 3002 1135 3087 cognitionem
1162 3024 1279 3078 causae,
1305 3023 1368 3065 non

416 3103 616 3179 decisionem,
640 3102 700 3166 sibi
722 3103 763 3168 ab
785 3103 935 3189 episcopo
960 3103 1138 3189 delegatam
1168 3125 1248 3178 esse,
1272 3114 1306 3166 et
1326 3103 1369 3166 ob

416 3205 475 3269 boc
490 3228 528 3267 eo
543 3204 722 3269 inconsulto
736 3205 768 3268 in
790 3225 887 3268 causa
903 3225 966 3267 non
982 3226 1073 3288 posse
1088 3204 1271 3290 procedere,
1288 3227 1369 3290 prae-

415 3306 597 3371 nominatus
614 3307 656 3372 R.
670 3306 818 3393 expetiit,
836 3317 872 3370 ut
889 3319 946 3370 aut
968 3304 1177 3391 procederent
1199 3307 1226 3369 si
1240 3305 1366 3382 licebat,

413 3424 470 3474 aut
485 3410 670 3497 patentibus
686 3409 785 3474 literis
800 3409 861 3475 sibi
878 3406 1016 3484 traditis,
1027 3407 1232 3492 agitationem
1247 3410 1367 3494 negotii

413 3513 561 3596 episcopo
577 3512 810 3598 significarent:
835 3511 959 3597 etquis
974 3510 1016 3575 ab
1031 3510 1077 3574 eis
1091 3509 1122 3572 in
1139 3511 1198 3574 hac
1213 3511 1366 3598 petitione

414 3632 476 3674 non
492 3612 610 3674 meruit
631 3615 789 3692 exaudiri,
803 3613 931 3679 eosdem
955 3613 996 3678 ad
1012 3627 1153 3678 nostram
1169 3613 1364 3679 audientiam

413 3708 596 3797 appellavit.
642 3715 749 3787 Quum
774 3714 884 3799 itaque
911 3717 964 3778 die
988 3716 1121 3802 praefixa
1142 3717 1174 3781 in
1198 3717 1367 3801 praesentia

414 3826 522 3877 nostra
547 3811 703 3890 adessent,
727 3813 827 3874 atrei
849 3812 960 3875 seriem
983 3816 1119 3895 praefato
1140 3817 1236 3880 modo
1258 3829 1365 3903 partes

412 3929 619 4002 exponerent,
641 3913 833 4000 saepedictus
863 3914 946 3998 Bag.
973 3912 1081 3977 dicens
1107 3937 1140 3976 se
1166 3938 1185 3979 a
1213 3916 1366 4000 delegatis

411 4017 474 4082 sibi
491 4016 660 4102 judicibus
681 4014 841 4095 delusum,
856 4015 942 4100 ipsos
965 4013 1005 4078 ad
1029 4014 1137 4077 sedem
1159 4016 1363 4100 apostolicam

414 4119 586 4196 intimarit,
616 4115 700 4182 diem
732 4116 901 4203 praefigens
927 4117 960 4179 in
989 4115 1119 4180 Octavia
1151 4118 1364 4182 Pentecostes.

413 4218 465 4284 Illi
481 4243 557 4284 vero
571 4240 659 4283 suam
676 4233 864 4283 excusantes
884 4217 1095 4282 innocentiam
1118 4218 1266 4284 dicebant
1281 4220 1364 4305 epis·

411 4345 526 4408 eopum
543 4321 729 4386 decisionem
751 4344 856 4386 causae
877 4321 1007 4408 proprio
1022 4344 1197 4387 reservasse
1212 4323 1363 4397 examini,

411 4439 443 4488 et
460 4447 492 4487 se
507 4424 540 4486 in
555 4447 649 4488 causa
665 4446 867 4509 nequaquam
884 4423 1073 4510 malignatos
1088 4445 1166 4500 esse,
1182 4424 1285 4509 parati
1303 4424 1361 4487 boc

410 4526 514 4612 ipsum
533 4526 716 4612 juramento
736 4525 944 4610 corporaliter
966 4525 1110 4609 praestito
1132 4523 1360 4590 demonstrare.

416 4630 479 4692 Vos
501 4643 620 4702 autem,
641 4628 692 4691 cui
716 4625 924 4703 diffinitionis,
949 4639 982 4689 ut
1006 4628 1162 4711 oportuit,
1185 4640 1363 4691 reservatus

412 4743 459 4794 est
474 4729 626 4807 calculus,
640 4751 744 4792 causae
759 4727 853 4790 finem
870 4726 1013 4792 debitum
1031 4726 1208 4812 imponetis.
