3300 6434
438 1204 476 1264 10
691 1220 827 1265 sonnms
842 1217 1119 1265 snassaamansrs
1292 1195 1337 1274 [n.
1355 1214 1385 1258 n.

433 1369 529 1433 vestri
551 1369 769 1435 excellentiam
793 1368 942 1446 eundem,
971 1381 1007 1433 ut
1033 1391 1072 1432 ex
1100 1365 1280 1430 testimonio
1306 1389 1386 1451 quo-

433 1469 579 1536 rumdam
595 1473 747 1538 abbatum
763 1472 956 1557 accepimus,
971 1468 1199 1535 invitaverunt.

625 1790 848 1854 EPISTOLA
872 1790 1020 1852 IX.—nn
1036 1805 1188 1851 ananan.

692 1924 834 1985 Domino
845 1944 944 2006 papa
962 1923 1120 1985 Adriano.

478 2082 630 2156 Causast,
646 2103 722 2167 quae
736 2080 819 2143 inter
835 2077 982 2142 abbatem
1002 2076 1042 2140 de
1059 2075 1259 2161 Coggesbala
1274 2091 1304 2142 et
1322 2080 1386 2164 pri-

433 2207 520 2249 orem
545 2182 811 2247 Rumiliacensem
836 2203 932 2266 super
957 2179 1088 2244 ecclesia
1113 2178 1154 2241 de
1185 2179 1387 2266 Coggeshala

433 2287 572 2351 multum
586 2298 618 2348 ct
626 2283 683 2346 diu
693 2282 814 2365 agitata
825 2294 885 2357 est,
895 2304 1096 2367 nequaquam
1108 2280 1271 2366 potuimus
1281 2282 1387 2346 termi-

433 2409 521 2464 nare,
548 2384 625 2469 quia
651 2396 725 2470 post
753 2383 872 2447 multas
901 2382 1067 2447 citationes
1096 2392 1129 2445 et
1158 2381 1326 2448 dilationes
1355 2386 1387 2448 in

435 2500 577 2554 nostram
607 2486 809 2573 praesentiam
842 2498 1009 2560 venerunt,
1040 2502 1071 2549 et
1102 2484 1221 2549 ibidem
1251 2499 1388 2571 uterque

434 2589 571 2654 alterum
595 2590 635 2653 ad
658 2586 857 2675 apostolatus
880 2586 976 2650 vestri
1004 2586 1205 2672 praesentiam
1231 2587 1387 2653 invitavit.

438 2693 533 2755 Prior
563 2688 807 2754 Rumiliacensis
836 2688 985 2754 abbatem
1015 2686 1202 2774 appellavit,
1232 2712 1270 2752 eo
1299 2691 1387 2775 quod

435 2792 497 2858 sibi
513 2791 675 2855 ecclesiam
693 2790 896 2877 soepedictam
912 2789 1078 2854 auferebat
1093 2802 1126 2853 et
1141 2789 1281 2853 decimas
1295 2813 1387 2876 paro-

437 2893 636 2971 chianorum,
666 2916 748 2978 quos
777 2915 796 2955 a
825 2891 975 2956 domibus
1004 2904 1035 2956 et
1066 2892 1158 2955 terris
1186 2890 1387 2978 expulerant,

436 2994 586 3081 diemque
600 2994 739 3079 praefixit
752 2996 890 3059 Octavas
903 2996 1112 3058 Pentecosten.
1151 2993 1303 3057 Monachi
1312 3017 1388 3059 vero

435 3096 551 3159 exinde
575 3117 664 3160 suam
688 3093 923 3181 praetendentes
945 3105 1168 3180 paupertatem
1194 3116 1226 3157 se
1250 3095 1386 3179 priorem

436 3195 468 3258 in
499 3194 668 3280 praesentia
704 3194 844 3280 episcopi
883 3194 1085 3257 Morinorum
1119 3191 1159 3255 ad
1192 3193 1387 3257 audientiam

437 3308 574 3361 vestram
590 3297 776 3383 appellasse,
789 3308 822 3359 et
839 3295 956 3359 festum
975 3294 1082 3358 Sancti
1099 3296 1196 3359 Lucae
1218 3296 1387 3359 terminum

435 3421 503 3462 suoe
517 3398 723 3486 appellationi
745 3398 856 3461 fecisse
876 3396 1067 3481 allegarunt,
1082 3408 1113 3460 et
1135 3396 1267 3461 eandem
1282 3421 1386 3463 coram

434 3501 527 3565 uobis
541 3498 785 3588 appellationem
802 3513 1042 3568 renovaverunt.

642 3793 864 3858 EPISTOLA
890 3797 1019 3858 X.-nn
1035 3816 1187 3861 ananan.

705 3928 844 3989 Domino
855 3949 950 4009 papa
967 3930 1121 3992 Adriano.

483 4086 626 4150 cinnor
642 4096 782 4168 quatuor
797 4106 815 4146 a
827 4083 950 4170 judicio
966 4086 1154 4151 venerabilis
1169 4087 1277 4152 fratris
1292 4091 1390 4154 nostri

440 4182 579 4271 episcopi
604 4181 832 4248 londoniensis
851 4207 870 4246 a
889 4186 993 4269 priore
1014 4184 1185 4253 Rumiliac.
1207 4210 1264 4274 per
1284 4190 1391 4277 appel-

439 4285 588 4350 lationem
617 4283 710 4347 tracti
736 4283 768 4346 in
794 4297 901 4347 nostra
926 4287 1094 4370 prasentia
1121 4286 1345 4364 constiterunt,
1373 4313 1392 4353 a

439 4387 559 4472 quibus
584 4384 669 4449 idem
695 4383 782 4469 prior
806 4407 838 4448 se
865 4388 1061 4470 querebatur
1091 4412 1194 4476 nuper
1220 4390 1391 4474 spoliatum

439 4486 577 4570 quadam
593 4484 714 4572 capella
728 4485 867 4549 eeclesias
883 4510 950 4551 suae
971 4488 1010 4551 de
1031 4489 1109 4554 Reia
1124 4492 1246 4577 absque
1256 4492 1391 4577 judicio,

439 4608 535 4671 quam
552 4586 640 4648 annis
656 4594 697 4650 60
713 4601 745 4651 et
767 4611 805 4651 eo
828 4588 966 4674 amplius
989 4590 1097 4673 quiete
1119 4594 1303 4658 inconcusse
1322 4618 1393 4680 pos-

441 4687 575 4752 sederat·
622 4687 671 4750 Ad
688 4688 780 4771 cujus
797 4690 840 4751 rei
857 4691 1074 4772 probationem
1088 4694 1136 4756 bis
1148 4694 1393 4779 allegationibus

443 4787 602 4861 utebatur,
616 4789 719 4871 primo
734 4792 811 4873 quia
827 4790 1004 4854 sacerdotes
1020 4791 1065 4855 illi
1079 4794 1134 4877 qui
1151 4796 1190 4858 ad
1208 4801 1390 4861 memoriam
