3300 6434
354 1270 549 1355 1159-6t.]
654 1321 656 1323 a
745 1291 927 1336 sermons.
1265 1281 1303 1339 st

346 1438 434 1523 regni
451 1443 560 1519 vestri,
572 1439 715 1526 nihilque
727 1440 759 1503 in
775 1439 997 1524 praejudicium
1010 1441 1080 1527 ejus
1095 1442 1301 1509 statuendum

346 1555 394 1606 est
409 1543 475 1607 sine
490 1542 621 1607 consilio
635 1541 711 1607 cleri
728 1542 834 1606 vestri.

389 1854 615 1920 EPISTOLA
637 1855 848 1919 XLIX-sn
863 1874 1125 1920 cssoscnasrou
1139 1875 1247 1921 asom.

747 2005 909 2070 Cantator.

390 2135 542 2201 Gnavffl
558 2158 668 2201 sumus
682 2136 756 2222 plus
771 2159 868 2222 quam
885 2135 943 2200 tibi
957 2134 1007 2199 vel
1021 2135 1092 2200 aliis
1106 2135 1211 2200 dicere
1226 2159 1297 2221 pos-

347 2258 469 2312 sumus,
484 2248 516 2301 et
532 2236 673 2300 nondum
690 2238 769 2301 bene
784 2237 954 2301 evasimus.
991 2240 1071 2323 Spes
1086 2250 1190 2303 tamen
1206 2236 1300 2303 nobis

348 2350 396 2402 est
419 2337 575 2401 evadendi
590 2337 773 2418 salubriter,
787 2337 866 2424 quia
886 2337 989 2417 nobis,
1002 2351 1132 2401 auctore
1148 2337 1298 2415 Domino,

347 2440 545 2526 propositum
575 2452 623 2506 est
653 2440 834 2505 satisfacere
860 2437 1046 2525 flagellanti,
1074 2451 1106 2504 et
1132 2438 1294 2523 flagellum

348 2554 501 2605 {eternum
521 2540 677 2605 declinare
695 2542 902 2626 castigatione
916 2541 1085 2627 praesenti:
1115 2563 1218 2627 eoque
1232 2562 1299 2605 cer·

348 2641 443 2707 tiores
457 2663 566 2705 sumus
580 2642 621 2705 de
633 2642 734 2717 venia,
746 2665 812 2728 quo
826 2646 955 2726 gravius
965 2641 1136 2728 affligimur
1149 2641 1298 2725 praesenti

347 2745 488 2828 corporis
511 2765 613 2828 poena.
659 2742 817 2827 Flagellat
839 2745 921 2807 enim
943 2742 1101 2807 Dominus
1115 2765 1240 2807 omnem
1262 2742 1300 2807 fi·

349 2843 427 2907 lium
450 2868 546 2930 quem
568 2844 689 2930 recipit.
735 2845 843 2910 Parati
868 2867 945 2929 ergo
970 2836 1081 2911 sumus
1105 2843 1241 2930 patienti
1265 2853 1298 2906 et

348 2943 422 3009 laeto
443 2944 549 3008 animo
571 2967 679 3010 amara
705 2946 863 3031 suscipere
889 2945 929 3009 de
952 2968 1048 3009 manu
1075 2944 1218 3022 Domini,
1241 2944 1298 3031 qui

347 3046 451 3110 dulcia
467 3048 560 3111 toties
575 3046 606 3109 in
622 3068 714 3111 usum
729 3047 909 3132 accepimus
924 3046 974 3111 vel
989 3046 1135 3113 abusum.
1181 3046 1299 3132 ltaque

347 3148 413 3210 sive
439 3148 585 3222 vivimus,
612 3147 678 3211 sive
703 3147 866 3228 morimur,
889 3147 1020 3212 Domini
1044 3171 1164 3213 sumus.
1209 3146 1300 3211 Nihil

346 3248 428 3311 enim
445 3248 531 3314 aliud
547 3249 763 3313 desideramus
778 3251 810 3313 in
824 3250 901 3327 vita,
913 3247 988 3315 licet
1003 3248 1126 3335 aliquid
1142 3247 1299 3335 propositi

346 3348 540 3425 differamus,
551 3350 651 3415 donec
665 3350 786 3415 domini
803 3352 886 3436 regis
901 3365 933 3415 et
949 3365 1005 3416 tuo
1017 3365 1144 3415 utamur
1157 3349 1298 3414 consilio.

349 3454 480 3516 Interim
495 3452 605 3517 domui
621 3467 748 3528 nostrae,
765 3467 797 3518 et
819 3455 934 3517 animm
951 3466 1067 3516 nostrae
1089 3450 1298 3536 disponimus,

346 3565 378 3615 et
394 3576 453 3639 pro
464 3553 594 3616 consilio
607 3552 838 3637 religiosorum,
851 3551 966 3616 amodo
976 3564 1147 3636 praestante
1159 3549 1299 3614 Domino

347 3653 501 3717 efficacius
516 3654 730 3737 disponemus.
777 3654 838 3715 Est
853 3663 961 3714 autem
977 3640 1065 3735 quod
1081 3664 1146 3715 tam
1166 3651 1207 3714 de
1223 3673 1297 3716 con·

347 3752 416 3816 silio
432 3753 602 3835 religionis,
618 3775 714 3837 quarn
736 3752 777 3815 de
800 3753 931 3839 proprio
946 3753 1147 3840 concepimus
1169 3753 1296 3841 spiritu,

347 3866 384 3917 ut
399 3876 506 3917 omnes
519 3853 616 3917 malas
627 3853 871 3918 consuetudines
887 3876 959 3940 quoe
970 3855 1086 3918 nostris
1097 3855 1297 3941 temporibus

345 3968 377 4018 et
394 3977 449 4041 per
471 3976 528 4017 nos
542 3968 622 4019 ortae
643 3968 718 4019 sunt
738 3956 770 4019 in
789 3957 1072 4043 archiepiscopatu,
1093 3957 1299 4022 emendemus

345 4069 418 4120 ante
432 4056 554 4120 exitum
571 4069 724 4120 nostrum.
763 4056 860 4120 Unde
875 4079 976 4140 quum
991 4055 1023 4119 in
1039 4056 1189 4119 extremis
1203 4077 1298 4141 agere

346 4157 536 4233 videremur,
554 4158 692 4221 Domino
708 4159 855 4222 vovimus
874 4157 957 4220 inter
980 4167 1104 4236 caetera,
1119 4157 1207 4244 quod
1222 4177 1296 4222 con·

346 4260 547 4322 suetudinem
569 4259 610 4321 de
633 4259 779 4322 secundis
793 4258 932 4333 auxiliis,
949 4281 1045 4341 quam
1069 4257 1169 4323 frater
1190 4276 1297 4324 noster

346 4359 585 4422 archidiaconus
599 4359 736 4421 ecclesiis
759 4358 922 4443 imposuit,
936 4358 1183 4435 destrueremus,
1199 4374 1230 4425 et
1254 4360 1296 4424 ab

345 4481 382 4521 ea
400 4458 577 4521 relaxantes
599 4457 744 4520 ecclesias
765 4471 797 4521 et
820 4458 1000 4533 liberantes,
1016 4457 1076 4521 sub
1097 4459 1298 4525 anathemate

346 4558 579 4644 prohibuimus,
595 4579 634 4620 ne
650 4559 783 4620 ulterius
798 4556 840 4619 ab
854 4555 963 4640 aliquo
977 4557 1157 4640 exigantur.
1195 4559 1240 4626 Et
1256 4580 1297 4625 ne

345 4659 404 4723 hoc
419 4671 562 4721 nostrum
576 4658 774 4733 beneficium,
787 4670 844 4721 aut
860 4656 969 4742 potius
982 4656 1137 4739 debitum,
1148 4659 1180 4722 in
1193 4675 1297 4746 poste-

345 4784 416 4825 rum
433 4759 535 4824 valeat
550 4759 722 4832 infirmari,
753 4760 813 4824 hoc
829 4758 931 4845 ipsum
955 4758 1074 4845 scripto
1096 4776 1205 4825 nostro
1224 4784 1298 4826 con·

344 4863 551 4927 firmavimus.
597 4863 652 4925 Tu
673 4883 815 4946 quoque,
831 4861 857 4925 si
872 4881 1011 4943 praeseus
1029 4873 1152 4927 nostras
1167 4863 1300 4931 vidisses

792 4981 812 5025 n
827 4968 847 5025 2
