3300 6434
367 1261 474 1341 llud]
749 1281 927 1329 emsroun.
1252 1276 1315 1333 278

360 1432 533 1513 confugere
556 1454 687 1497 necesse
710 1435 825 1510 haheo,
847 1446 883 1500 ut
898 1438 1010 1499 rostris
1033 1437 1312 1500 intercessionibus

360 1531 521 1613 flagellum
550 1532 637 1596 istud
663 1535 704 1596 ab
731 1536 868 1609 ecclesia
894 1557 954 1617 sua
983 1548 1015 1599 et
1044 1537 1137 1599 nobis
1167 1549 1312 1599 amoveat

361 1630 532 1707 Dominus,
548 1643 603 1696 aut
618 1644 781 1698 convertat
794 1636 828 1699 in
845 1657 922 1699 usus
937 1637 1049 1700 solutis
1061 1648 1193 1718 nostrae,
1207 1656 1311 1719 neque

359 1750 419 1794 nos
442 1732 581 1814 patiatur
594 1732 629 1795 in
645 1736 791 1816 procelle·
804 1736 939 1799 turbinis
962 1736 1057 1820 hujus
1080 1735 1203 1819 aliquid
1224 1756 1311 1798 com·

361 1831 484 1895 mittere
501 1841 612 1895 contra
633 1833 750 1917 ipsum,
771 1834 828 1898 sed
851 1821 966 1917 dirigat
986 1857 1112 1918 gressus
1132 1846 1257 1897 nostros
1277 1836 1312 1898 in

361 1931 565 2013 beneplacito
600 1954 668 1996 suo.
721 1935 987 2017 Expectabamus
1023 1957 1145 2019 pacem,
1173 1946 1206 1998 et
1235 1956 1311 1999 ecce

361 2029 543 2094 Ecclesiam
553 2031 622 2116 jam
633 2035 758 2114 gravior
767 2036 896 2099 infestat
911 2038 1057 2109 turbatio,
1070 2047 1158 2100 tauta
1173 2034 1311 2118 quidem,

361 2139 397 2193 ut
410 2130 452 2193 ad
466 2132 716 2196 subveniendum
729 2136 824 2198 inane
836 2135 980 2199 rideatur
994 2137 1148 2200 auxilinm
1161 2135 1310 2199 hominis.

359 2231 412 2294 Ad
434 2230 533 2313 pedes
554 2233 662 2315 itaque
685 2235 864 2297 sanctitatis
884 2224 1009 2309 vestrae,
1033 2247 1065 2299 et
1089 2236 1216 2299 fratrum
1240 2257 1310 2298 res·

358 2342 477 2395 trorum
493 2342 561 2395 tota
580 2334 695 2396 mentis
715 2332 883 2397 devotione
903 2337 1086 2418 provolutus
1106 2334 1310 2398 affectuosius

358 2432 517 2515 supplico,
547 2445 584 2495 ut
612 2435 824 2524 misereamini
853 2436 965 2510 nostri,
989 2437 1101 2499 saltem
1128 2456 1185 2498 vos
1214 2434 1309 2497 amici

360 2534 503 2612 Domini,
533 2544 566 2597 et
595 2535 834 2599 Cantuarieusis
870 2537 1041 2613 Ecclesiae,
1071 2549 1103 2599 ct
1130 2557 1248 2610 meum,
1277 2546 1311 2596 et

359 2633 461 2695 fratris
483 2633 556 2710 mei,
578 2645 610 2696 et
631 2633 871 2696 coexulantium
897 2634 1002 2703 nobis,
1026 2634 1136 2696 restris
1160 2634 1310 2715 precibus

359 2733 532 2795 sublevetis
557 2733 698 2795 exilium.
743 2733 816 2799 Jam
844 2734 928 2795 enirn
955 2732 996 2795 de
1021 2733 1162 2795 humano
1188 2732 1310 2794 auxilio
1410 2795 1415 2804 ,

358 2830 575 2915 desperamus.
623 2836 695 2897 Hoc
711 2854 840 2916 quoque
856 2835 1007 2897 attentius
1022 2832 1188 2917 deprecor,
1203 2844 1238 2895 ut
1251 2853 1310 2915 pro

309 2985 322 2994 .
355 2953 429 3013 rege
443 2934 567 3013 Angliae
582 2934 786 2996 intercedatis
800 2933 842 2994 ad
859 2934 1046 3011 Dominum,
1060 2946 1217 3015 quatenus
1234 2954 1307 2995 eum

358 3034 448 3095 Deus
467 3044 594 3097 revocet
613 3035 653 3096 ab
673 3033 733 3095 hac
757 3053 906 3115 pressure
928 3033 1099 3104 Ecclesiae,
1116 3043 1149 3093 et
1167 3042 1201 3093 ut
1216 3034 1308 3094 mise·

355 3143 439 3196 rator
454 3135 624 3211 Dominus,
640 3132 693 3216 qui
713 3133 799 3195 solus
821 3132 896 3195 huic
918 3132 1028 3199 morbo
1049 3129 1169 3195 mederi
1189 3141 1305 3213 potest,
1350 3155 1355 3163 ¹

356 3244 575 3318 persecutores
590 3233 748 3299 Ecclesiae
763 3243 819 3297 aut
834 3243 1007 3311 convertat,
1021 3245 1076 3296 aut
1090 3242 1244 3295 conterat.

419 3527 640 3592 EPISTOLA
665 3529 922 3592 curtum-sn
936 3543 1094 3590 assuras
1112 3544 1227 3587 seueri

616 3646 779 3690 rasosunr.
829 3628 874 3706 [a.
890 3647 919 3689 n.
940 3627 1048 3705 riou]

629 3785 740 3847 Abbati
754 3786 862 3847 suncti
877 3785 1038 3847 Medurdi.

400 3921 511 3987 Causa
528 3919 770 3987 Christi-multa
787 3919 1064 3986 commendatione
1087 3942 1150 3985 non
1173 3920 1305 4005 indiget,

355 4022 530 4107 presertim
546 4024 631 4109 apud
646 4046 711 4102 vos,
727 4022 782 4110 qui
800 4034 834 4087 et
855 4023 918 4109 pioe
940 4022 1116 4088 devotionis
1137 4022 1305 4099 famulatu,

354 4135 388 4187 et
423 4138 603 4190 sanctorum
641 4124 914 4190 intercedentibus
952 4122 1084 4201 meritis,
1122 4121 1307 4186 desideratis

354 4223 481 4289 Christo
507 4225 630 4289 felicius
655 4224 882 4290 commendari.
938 4222 1020 4296 Quis
1044 4231 1151 4284 autem
1178 4244 1306 4286 causam

354 4337 534 4389 sanctorum
546 4348 734 4412 pauperum,
746 4325 786 4388 de
801 4323 893 4388 Velle
911 4322 1021 4386 Sancti
1035 4321 1122 4386 Petri
1134 4344 1202 4386 esse
1213 4323 1307 4387 dubi·

354 4436 400 4488 tat
422 4446 550 4488 causam
574 4424 714 4493 Christi?
754 4425 825 4511 quis
854 4445 965 4489 eorum
995 4421 1232 4487 contristatione
1254 4424 1305 4488 vel

352 4525 565 4589 consolatione
590 4525 752 4591 Christum
778 4526 883 4611 ipsum
913 4524 1090 4589 contristari
1120 4524 1222 4588 nescit
1249 4536 1305 4589 sut

354 4626 518 4706 consolari,
541 4626 600 4691 nisi
623 4627 678 4713 qui
700 4625 919 4711 evangelicam
942 4625 1066 4709 ignorat
1094 4624 1305 4710 prophetiam,

354 4747 395 4790 ex
427 4727 518 4810 cnjus
546 4728 679 4792 veritate
718 4727 909 4792 sententiam
948 4726 1088 4812 proteret
1116 4724 1148 4789 in
1182 4724 1305 4809 judicio
1352 4804 1364 4819 ,

354 4827 510 4909 Christus,
525 4828 558 4893 in
581 4828 847 4893 condemnatione
870 4826 1052 4913 impiorum,
1067 4838 1101 4890 at
1122 4825 1326 4910 praeelecm'

397 4951 466 4996 rou.
485 4951 507 4996 1.
819 4952 840 4996 τ
