3300 6434
339 1232 401 1291 ³12
597 1241 732 1288 scaurus
747 1240 1025 1288 sannsanmnnsrs
1195 1227 1250 1307 [s.
1270 1246 1305 1291 n.

341 1397 446 1462 Lond.
470 1407 503 1459 et
528 1394 649 1459 domini
676 1406 709 1458 et
737 1394 833 1458 amici
863 1392 937 1473 mei,
961 1396 1014 1460 cui
1036 1396 1161 1459 interim
1182 1416 1308 1480 parco,

341 1496 486 1582 episcopi
508 1495 653 1559 Winton.
675 1506 709 1558 et
734 1515 826 1578 aeque
853 1493 999 1559 doctrine
1020 1505 1052 1558 et
1072 1496 1201 1578 eloquio
1225 1498 1306 1579 pol·

341 1599 447 1675 lentis,
462 1597 576 1661 veteris
590 1594 720 1680 quidem
734 1595 931 1674 scholastici,
945 1595 1004 1660 sed
1017 1596 1130 1661 novitii
1146 1597 1304 1681 episcopi

343 1698 602 1773 Herefordensis,
618 1717 752 1780 quornm
769 1698 978 1781 praeminebat
992 1698 1172 1773 auctoritas,
1183 1698 1212 1761 si
1229 1721 1303 1763 non

342 1800 487 1885 opinioni
516 1800 611 1861 bonae
639 1799 813 1877 consensit,
841 1799 1031 1883 iniqnitatis,
1056 1810 1089 1862 et
1117 1800 1303 1865 manifestae

341 1902 488 1966 salsitatis
511 1897 681 1978 attestatio,
709 1901 829 1984 scripto
854 1912 1035 1984 utrumque,
1059 1912 1092 1965 et
1117 1902 1302 1983 sigillorum

343 2003 519 2067 munimine
548 2002 758 2067 convincente
787 2001 1020 2087 praejudicaret.
1073 2003 1136 2065 Alii
1164 2004 1299 2067 interim

344 2126 427 2190 quos
454 2104 554 2166 libelli
584 2102 750 2167 concludit
773 2102 951 2188 inscriptio,
977 2101 1085 2166 mitius
1110 2118 1301 2185 arguuntur,

346 2206 424 2290 qtria
444 2224 509 2267 non
530 2202 624 2266 facile
651 2200 739 2264 credi
764 2213 881 2285 potest,
906 2214 941 2266 ut
967 2212 1015 2266 tot
1035 2203 1196 2286 sapientes
1218 2224 1302 2267 con·

343 2305 496 2379 venerint,
514 2315 561 2367 tot
577 2302 771 2367 contulerint
793 2302 933 2383 religiosi
955 2303 989 2364 in
1012 2302 1156 2366 fraudem
1176 2301 1300 2368 dirime

341 2406 423 2487 legis
437 2416 470 2469 et
483 2424 654 2481 canonum,
667 2415 699 2467 et
712 2402 747 2465 in
765 2403 941 2486 perniciem
964 2405 1115 2467 Ecclesie
1130 2406 1298 2489 conscrip-

344 2508 452 2579 serint,
477 2505 565 2569 unde
589 2507 791 2571 convalescat
815 2515 849 2568 et
870 2507 1043 2589 praeraleat
1064 2527 1300 2592 usquequaque

342 2608 504 2691 iniquitas,
533 2617 566 2670 et
588 2607 714 2690 justitia
743 2608 951 2690 opprimatur.
1012 2607 1076 2671 Sed
1113 2619 1148 2672 ut
1184 2609 1297 2683 audio,

344 2731 456 2774 omnes
477 2710 523 2773 illi
545 2709 665 2791 scripto
686 2708 901 2791 praestiterunt
930 2710 1173 2772 auctoritatem:
1206 2710 1297 2795 qnod

345 2814 372 2877 si
398 2823 471 2876 ante
497 2811 653 2887 viderant,
677 2808 901 2891 impiissimum
927 2811 987 2873 suit
1010 2820 1108 2874 tantae
1130 2811 1299 2894 iniquitati

344 2914 562 2978 testimonium
593 2912 781 2995 perbibere:
816 2911 844 2974 si
874 2932 940 2974 non
967 2910 1124 2990 viderunt,
1146 2914 1297 2977 stultissi-

346 3038 431 3079 mum
455 3017 566 3080 alienae
581 3013 744 3098 iniquitati
760 3032 888 3075 suorum
910 3012 1113 3096 impositione
1134 3015 1300 3079 characte-

348 3140 415 3182 rum
431 3129 581 3201 praestare
601 3116 832 3180 anctoritatem.

388 3220 453 3283 Sed
479 3219 558 3303 quid
583 3219 616 3280 in
642 3240 676 3280 re
701 3218 888 3300 conspicua,
910 3238 1010 3300 quum
1037 3239 1079 3281 ex
1104 3221 1299 3286 necessitate

344 3323 438 3406 plura
458 3320 597 3385 dicenda
618 3320 692 3396 sint,
714 3316 871 3403 protendo
895 3318 1095 3383 sermonem?
1135 3322 1221 3385 Nam
1240 3345 1299 3406 pa·

346 3425 420 3507 gina
445 3424 511 3502 illa,
535 3422 593 3487 etsi
619 3432 793 3484 vestrorum
820 3431 961 3484 cessaret
986 3443 1093 3504 opera,
1119 3435 1298 3487 nostrorum

345 3536 450 3589 tamen
477 3524 643 3606 diligentia
662 3523 703 3586 ad
724 3524 908 3586 Romanum
934 3521 1073 3586 defertur
1097 3524 1299 3607 pontificem,

345 3629 401 3710 qui
417 3638 450 3691 et
463 3648 569 3691 mores
591 3626 676 3689 illins
699 3646 793 3709 quem
810 3625 996 3710 justificetis
1016 3648 1058 3689 ex
1078 3615 1187 3690 multis
1208 3630 1300 3693 norit

345 3727 486 3805 indiciis,
502 3739 534 3791 et
547 3728 641 3791 facile
665 3724 884 3810 deprehendet
898 3747 963 3809 qua
973 3727 1156 3790 sinceritate
1172 3730 1299 3813 episco-

346 3847 459 3911 porum
472 3839 630 3910 concepta
645 3829 687 3891 sit
701 3828 771 3891 haec
787 3829 958 3906 attestatio,
970 3850 1041 3912 quae
1055 3829 1149 3891 fuerit
1164 3830 1301 3896 intentio

347 3927 460 3990 scribae
471 3927 578 4003 vestri,
589 3927 642 4009 qui
658 3927 820 4005 quoniam,
832 3928 974 3990 Domino
990 3928 1081 3991 aliter
1095 3928 1300 4012 disponente,

348 4027 436 4112 quod
451 4028 612 4092 ambiebat
633 4046 702 4089 esse
726 4046 791 4088 non
808 4027 917 4104 valuit,
933 4027 1173 4092 Cantuau'eusis
1194 4032 1299 4094 archi·

348 4129 529 4212 episcopus,
537 4129 570 4190 in
582 4128 759 4211 Anglicaua
771 4126 908 4190 ecclesia
917 4127 958 4190 de
969 4150 1138 4208 consensu,
1151 4132 1298 4210 consilio,

346 4238 379 4292 ct
407 4231 593 4293 auctoritate
619 4250 739 4303 comm,
770 4230 825 4313 qui
855 4229 1018 4293 Christum
1052 4241 1297 4315 persequuntur,

347 4331 452 4394 sactus
467 4340 515 4393 est
528 4330 808 4413 archisynagogus.
839 4330 974 4415 Scripsit
988 4331 1017 4394 ei
1032 4354 1135 4415 nuper
1148 4328 1299 4398 dominus

348 4453 408 4496 rex
419 4454 475 4517 per
485 4431 691 4513 Radulphum
705 4432 911 4495 Dicetensem
923 4432 1183 4497 archidiaconum
1197 4457 1300 4513 suum,

349 4534 437 4622 quod
460 4556 493 4598 se
515 4545 615 4597 totum
638 4553 771 4614 regnum
794 4554 886 4597 sunm
910 4544 943 4598 et
964 4556 1106 4615 causam,
1121 4559 1194 4620 quae
1217 4538 1300 4601 inter

349 4660 420 4702 eum
440 4647 472 4700 et
492 4635 675 4699 Ecclesiam
691 4636 830 4711 vertitur,
852 4636 954 4720 ipsius
976 4648 1127 4719 tanquam
1152 4641 1251 4721 patris
1268 4651 1300 4703 et

350 4738 529 4803 fidelissimi
541 4738 648 4817 amici,
659 4738 831 4802 committit
843 4740 982 4818 arbitrio,
990 4753 1021 4803 et
1032 4743 1188 4825 praecipit,
1204 4754 1240 4805 ut
1251 4745 1301 4806 sui

350 4841 502 4904 officiales
524 4841 554 4904 ei
576 4842 609 4904 in
635 4843 783 4908 omnibus
805 4864 1037 4927 usquequaque
1057 4844 1218 4907 obediant.
1265 4845 1300 4907 Si
