3300 6434
277 1201 384 1286 1166]
660 1224 840 1269 srisroca.
1162 1213 1225 1271 257

275 1373 467 1439 obfuturum.
513 1378 547 1441 Si
577 1388 681 1441 autem
712 1376 860 1439 homines
892 1377 1091 1459 interpellare
1121 1388 1223 1440 tutum

213 1485 216 1492 '
274 1495 340 1538 non
364 1476 470 1554 fuerit,
496 1479 673 1542 Dominum
703 1499 812 1562 quaeso
841 1477 987 1541 devotius
1011 1477 1162 1552 exoretis,
1187 1490 1223 1541 ut

275 1597 400 1658 gressus
416 1601 504 1642 meos
520 1580 636 1660 dirigat
650 1580 683 1641 in
699 1579 821 1643 semitis
836 1580 920 1655 suis3
946 1588 1062 1662 pateus
1077 1579 1161 1641 enim
1176 1590 1225 1641 est

275 1678 394 1762 ubique
423 1682 568 1744 locorum
593 1681 671 1744 mihi
701 1681 835 1763 patriam
867 1681 983 1758 facere,
1006 1693 1039 1744 et
1064 1677 1221 1764 quicquid

274 1778 415 1842 aufertur
429 1780 529 1859 domi,
544 1804 674 1867 peregre
690 1783 858 1847 salubriter
873 1803 1088 1866 compensare.

336 2023 557 2091 EPISTOLA
581 2028 818 2092 ΟΜΝ-ιι)
835 2045 1010 2092 memnon
1024 2042 1162 2090 arcam.

491 2147 746 2194 ricraviausarr.
795 2130 877 2210 [an.
898 2130 1006 2211 1166]

447 2280 588 2344 Ricardo
602 2282 828 2346 archidiacono
844 2283 1053 2346 Pictoriensr'.

318 2415 514 2477 Murriurssu
524 2427 629 2499 potest
640 2426 740 2478 restra
751 2414 910 2492 discretio,
919 2416 953 2478 in
965 2436 1029 2499 qua
1039 2435 1096 2498 spe
1107 2414 1225 2477 arobis

277 2514 493 2593 discesserim,
518 2517 649 2600 quando
679 2540 730 2581 me
762 2518 928 2581 sinceritas
953 2528 1056 2581 restra
1086 2514 1225 2601 quadem

274 2619 544 2682 reconciliationis
564 2634 596 2683 et
618 2622 708 2703 pacis
726 2621 778 2683 ria
799 2631 995 2704 praeostensa
1016 2620 1222 2683 exhilaravit:

276 2732 308 2782 et
330 2720 404 2803 quia
426 2721 503 2784 mihi
526 2721 667 2785 nondum
689 2723 828 2785 innotuit
850 2734 1007 2808 quatenus
1032 2719 1228 2785 convaluerit

275 2816 352 2882 fidei
377 2830 488 2882 restrae
514 2821 693 2900 promissio,
719 2842 828 2904 qrraeso
851 2823 901 2884 rel
921 2843 1019 2900 nunc,
1042 2844 1105 2900 me,
1131 2843 1226 2907 qucm

275 2918 397 2983 incerta
425 2940 482 3002 spe
512 2921 640 2995 fecistis,
669 2942 734 2982 non
770 2922 839 2982 sine
877 2925 1028 3005 temporis
1056 2944 1225 3007 rerumque

274 3019 444 3100 dispendio
468 3020 566 3099 gravi,
589 3020 744 3082 hactenus
766 3021 940 3095 fluctuarc;
971 3042 991 3083 a
1012 3018 1224 3086 dubitationis

275 3118 363 3181 hunc
378 3119 529 3199 ambiguo
544 3119 728 3197 absolvatis,
743 3130 780 3182 ut
794 3121 835 3184 de
852 3136 967 3184 caetcro
983 3142 1109 3204 semper
1124 3131 1225 3185 testor

276 3220 337 3284 sim
355 3231 386 3284 et
401 3232 584 3284 vestrorum.
614 3222 699 3285 Num
712 3223 738 3283 si
749 3222 851 3285 redire
863 3235 966 3286 tutum
978 3222 1081 3298 suerit,
1093 3233 1224 3306 paratus

275 3342 344 3386 sum
374 3322 504 3385 domino
529 3322 594 3403 regi
620 3321 780 3403 condigno
809 3324 1000 3399 satisfacere,
1025 3325 1223 3405 ubicumque

274 3444 338 3487 non
348 3434 460 3507 potero
471 3445 575 3487 meam
586 3423 803 3486 innocentiam
815 3444 980 3485 excusare.
1012 3425 1080 3486 Vos
1092 3423 1224 3487 sortasse

272 3528 313 3590 ab
335 3527 431 3612 hujus
454 3526 542 3588 verbi
563 3537 697 3586 tractatu
719 3523 871 3585 militares
892 3525 1048 3588 tumultus
1068 3525 1226 3589 hactenus

274 3627 517 3712 praepedierunt,
532 3638 587 3687 aut
602 3624 798 3687 domesticus
818 3624 929 3703 hostis,
944 3640 976 3689 et
991 3628 1053 3703 cni,
1069 3628 1095 3690 si
1114 3625 1225 3692 decre·

273 3740 340 3791 tum
355 3726 459 3802 suerit,
473 3745 638 3808 uunquam
653 3724 780 3786 habebo
796 3745 920 3808 pacem.
958 3728 1033 3791 Nou
1049 3729 1134 3793 enim
1150 3740 1224 3795 aute

274 3827 386 3892 nocuit
411 3847 506 3910 quam
531 3823 631 3888 fidem
655 3835 689 3887 et
714 3824 888 3891 amicitiam
917 3829 1080 3911 pollicitus
1108 3842 1168 3909 est,
1193 3844 1226 3897 et

273 3929 404 3991 multam
432 3925 675 4009 promotionem.
731 3919 828 3989 Nuuc
853 3940 959 3993 autem
986 3930 1119 3994 obsecro
1144 3931 1224 3996 mihi

272 4028 472 4111 significetis,
487 4038 645 4112 quatenus
659 4047 710 4091 me
725 4049 851 4111 sperare
867 4043 1024 4112 oporteat,
1040 4042 1072 4093 et
1093 4052 1159 4116 qua
1173 4030 1225 4095 rio

273 4131 486 4194 incedendum
506 4130 556 4206 sit,
572 4128 600 4191 si
615 4129 678 4192 alia
692 4150 778 4192 nunc
793 4131 912 4212 placet,
926 4151 1022 4214 quam
1042 4152 1114 4214 quae
1136 4130 1225 4214 prius

273 4242 403 4295 ostensa
412 4241 479 4295 est:
504 4231 573 4293 etsi
585 4229 693 4312 aliquo
705 4228 801 4292 modo
816 4230 896 4293 mihi
910 4230 1109 4295 redeundum
1121 4231 1226 4308 fuerit,

274 4330 448 4415 providete,
473 4341 510 4392 ut
533 4348 591 4412 per
617 4326 767 4390 Cantiam
794 4348 905 4392 secure
930 4330 1063 4394 transire
1089 4330 1223 4413 possim,

273 4427 546 4510 memineritisque
561 4425 729 4502 minarum,
740 4437 773 4488 et
783 4426 871 4491 verbi
886 4427 972 4514 quod
989 4428 1077 4492 robis
1089 4428 1226 4515 exposui

274 4533 413 4598 Parisiis.
