<?xml version="1.0" encoding="UTF-8"?>
<!DOCTYPE html PUBLIC "-//W3C//DTD XHTML 1.0 Transitional//EN"
    "http://www.w3.org/TR/xhtml1/DTD/xhtml1-transitional.dtd">
<html xmlns="http://www.w3.org/1999/xhtml" xml:lang="en" lang="en">
 <head>
  <title>
</title>
<meta http-equiv="Content-Type" content="text/html;charset=utf-8" />
  <meta name='ocr-system' content='tesseract 3.04.00' />
  <meta name='ocr-capabilities' content='ocr_page ocr_carea ocr_par ocr_line ocrx_word'/>
</head>
<body>
  <div class='ocr_page' id='page_1' title='image "./joannissaresber14johngoog_0310.png"; bbox 0 0 3300 6434; ppageno 0'>
   <div class='ocr_carea' id='block_1_1' title="bbox 343 1139 1320 1220">
    <p class='ocr_par' dir='ltr' id='par_1_1' title="bbox 343 1139 1320 1220">
     <span class='ocr_line' id='line_1_1' title="bbox 343 1139 1320 1220; baseline 0.001 -17"><span class='ocrx_word' id='word_1_1' title='bbox 343 1145 407 1203; x_wconf 69' lang='lat' dir='ltr'>atto</span> <span class='ocrx_word' id='word_1_2' title='bbox 602 1155 738 1200; x_wconf 80' lang='lat' dir='ltr'>scaurus</span> <span class='ocrx_word' id='word_1_3' title='bbox 753 1154 1033 1201; x_wconf 81' lang='lat' dir='ltr'>saansaanrsrssrs</span> <span class='ocrx_word' id='word_1_4' title='bbox 1210 1139 1266 1220; x_wconf 63' lang='lat' dir='ltr'>[n</span> <span class='ocrx_word' id='word_1_5' title='bbox 1283 1159 1320 1207; x_wconf 87' lang='lat' dir='ltr'>n.</span> 
     </span>
    </p>
   </div>
   <div class='ocr_carea' id='block_1_2' title="bbox 345 1307 1324 2099">
    <p class='ocr_par' dir='ltr' id='par_1_2' title="bbox 345 1307 1324 2099">
     <span class='ocr_line' id='line_1_2' title="bbox 346 1307 1324 1392; baseline 0.002 -21"><span class='ocrx_word' id='word_1_6' title='bbox 346 1329 420 1389; x_wconf 77' lang='lat' dir='ltr'>rege</span> <span class='ocrx_word' id='word_1_7' title='bbox 436 1319 468 1372; x_wconf 90' lang='lat' dir='ltr'>et</span> <span class='ocrx_word' id='word_1_8' title='bbox 487 1309 584 1372; x_wconf 83' lang='lat' dir='ltr'>serris</span> <span class='ocrx_word' id='word_1_9' title='bbox 606 1308 696 1372; x_wconf 85' lang='lat' dir='ltr'>suis?</span> <span class='ocrx_word' id='word_1_10' title='bbox 727 1308 781 1371; x_wconf 93' lang='lat' dir='ltr'>llli</span> <span class='ocrx_word' id='word_1_11' title='bbox 802 1317 919 1385; x_wconf 90' lang='lat' dir='ltr'>tamen,</span> <span class='ocrx_word' id='word_1_12' title='bbox 934 1308 996 1371; x_wconf 88' lang='lat' dir='ltr'>etsi</span> <span class='ocrx_word' id='word_1_13' title='bbox 1018 1307 1140 1392; x_wconf 81' lang='lat' dir='ltr'>queruli</span> <span class='ocrx_word' id='word_1_14' title='bbox 1160 1320 1201 1373; x_wconf 85' lang='lat' dir='ltr'>et</span> <span class='ocrx_word' id='word_1_15' title='bbox 1226 1331 1324 1375; x_wconf 90' lang='lat' dir='ltr'>mnr-</span> 
     </span>
     <span class='ocr_line' id='line_1_3' title="bbox 346 1410 1323 1494; baseline 0.006 -22"><span class='ocrx_word' id='word_1_16' title='bbox 346 1421 531 1485; x_wconf 85' lang='lat' dir='ltr'>mutatores,</span> <span class='ocrx_word' id='word_1_17' title='bbox 547 1423 651 1474; x_wconf 88' lang='lat' dir='ltr'>tamen</span> <span class='ocrx_word' id='word_1_18' title='bbox 668 1410 794 1494; x_wconf 87' lang='lat' dir='ltr'>sequuti</span> <span class='ocrx_word' id='word_1_19' title='bbox 810 1421 885 1475; x_wconf 88' lang='lat' dir='ltr'>suut</span> <span class='ocrx_word' id='word_1_20' title='bbox 906 1410 1065 1491; x_wconf 82' lang='lat' dir='ltr'>Moysem.</span> <span class='ocrx_word' id='word_1_21' title='bbox 1108 1411 1154 1474; x_wconf 93' lang='lat' dir='ltr'>Et</span> <span class='ocrx_word' id='word_1_22' title='bbox 1178 1412 1323 1478; x_wconf 83' lang='lat' dir='ltr'>utinam</span> 
     </span>
     <span class='ocr_line' id='line_1_4' title="bbox 347 1511 1321 1597; baseline 0.006 -24"><span class='ocrx_word' id='word_1_23' title='bbox 347 1511 381 1573; x_wconf 92' lang='lat' dir='ltr'>hi</span> <span class='ocrx_word' id='word_1_24' title='bbox 394 1513 449 1595; x_wconf 89' lang='lat' dir='ltr'>qui</span> <span class='ocrx_word' id='word_1_25' title='bbox 461 1511 557 1575; x_wconf 93' lang='lat' dir='ltr'>modo</span> <span class='ocrx_word' id='word_1_26' title='bbox 569 1522 745 1596; x_wconf 91' lang='lat' dir='ltr'>queruntur</span> <span class='ocrx_word' id='word_1_27' title='bbox 755 1525 787 1576; x_wconf 89' lang='lat' dir='ltr'>et</span> <span class='ocrx_word' id='word_1_28' title='bbox 798 1521 1005 1584; x_wconf 80' lang='lat' dir='ltr'><strong>murmurant,</strong></span> <span class='ocrx_word' id='word_1_29' title='bbox 1016 1511 1149 1575; x_wconf 85' lang='lat' dir='ltr'><strong>Domini</strong></span> <span class='ocrx_word' id='word_1_30' title='bbox 1160 1533 1321 1597; x_wconf 82' lang='lat' dir='ltr'>sequan-</span> 
     </span>
     <span class='ocr_line' id='line_1_5' title="bbox 346 1611 1321 1696; baseline 0.005 -21"><span class='ocrx_word' id='word_1_31' title='bbox 346 1624 397 1676; x_wconf 86' lang='lat' dir='ltr'>tur</span> <span class='ocrx_word' id='word_1_32' title='bbox 411 1614 524 1695; x_wconf 77' lang='lat' dir='ltr'>legem.</span> <span class='ocrx_word' id='word_1_33' title='bbox 570 1611 666 1687; x_wconf 88' lang='lat' dir='ltr'>Quod</span> <span class='ocrx_word' id='word_1_34' title='bbox 681 1615 706 1677; x_wconf 89' lang='lat' dir='ltr'>si</span> <span class='ocrx_word' id='word_1_35' title='bbox 722 1613 867 1690; x_wconf 86' lang='lat' dir='ltr'>fecerint,</span> <span class='ocrx_word' id='word_1_36' title='bbox 882 1613 1075 1677; x_wconf 80' lang='lat' dir='ltr'>convenient</span> <span class='ocrx_word' id='word_1_37' title='bbox 1087 1612 1165 1676; x_wconf 89' lang='lat' dir='ltr'>hinc</span> <span class='ocrx_word' id='word_1_38' title='bbox 1185 1635 1321 1696; x_wconf 81' lang='lat' dir='ltr'>regem,</span> 
     </span>
     <span class='ocr_line' id='line_1_6' title="bbox 346 1710 1322 1802; baseline 0.006 -28"><span class='ocrx_word' id='word_1_39' title='bbox 346 1710 423 1802; x_wconf 80' lang='lat' dir='ltr'>inde</span> <span class='ocrx_word' id='word_1_40' title='bbox 451 1713 740 1796; x_wconf 82' lang='lat' dir='ltr'>archiepiscopum,</span> <span class='ocrx_word' id='word_1_41' title='bbox 769 1722 802 1775; x_wconf 90' lang='lat' dir='ltr'>et</span> <span class='ocrx_word' id='word_1_42' title='bbox 840 1733 936 1795; x_wconf 88' lang='lat' dir='ltr'>quem</span> <span class='ocrx_word' id='word_1_43' title='bbox 964 1712 997 1775; x_wconf 90' lang='lat' dir='ltr'>in</span> <span class='ocrx_word' id='word_1_44' title='bbox 1026 1711 1123 1794; x_wconf 89' lang='lat' dir='ltr'>culpa</span> <span class='ocrx_word' id='word_1_45' title='bbox 1152 1712 1322 1797; x_wconf 82' lang='lat' dir='ltr'>viderint,</span> 
     </span>
     <span class='ocr_line' id='line_1_7' title="bbox 345 1812 1321 1897; baseline 0.007 -22"><span class='ocrx_word' id='word_1_46' title='bbox 345 1814 451 1897; x_wconf 89' lang='lat' dir='ltr'>palam</span> <span class='ocrx_word' id='word_1_47' title='bbox 471 1826 618 1894; x_wconf 77' lang='lat' dir='ltr'>arguent,</span> <span class='ocrx_word' id='word_1_48' title='bbox 639 1825 672 1877; x_wconf 92' lang='lat' dir='ltr'>et</span> <span class='ocrx_word' id='word_1_49' title='bbox 694 1834 712 1875; x_wconf 92' lang='lat' dir='ltr'>e</span> <span class='ocrx_word' id='word_1_50' title='bbox 736 1812 861 1877; x_wconf 83' lang='lat' dir='ltr'>diverso</span> <span class='ocrx_word' id='word_1_51' title='bbox 885 1813 1016 1879; x_wconf 87' lang='lat' dir='ltr'>stabunt</span> <span class='ocrx_word' id='word_1_52' title='bbox 1041 1833 1101 1877; x_wconf 92' lang='lat' dir='ltr'>nec</span> <span class='ocrx_word' id='word_1_53' title='bbox 1129 1835 1321 1892; x_wconf 82' lang='lat' dir='ltr'>consensu,</span> 
     </span>
     <span class='ocr_line' id='line_1_8' title="bbox 345 1909 1321 1998; baseline 0.005 -20"><span class='ocrx_word' id='word_1_54' title='bbox 345 1925 401 1978; x_wconf 86' lang='lat' dir='ltr'>aut</span> <span class='ocrx_word' id='word_1_55' title='bbox 425 1913 677 1978; x_wconf 77' lang='lat' dir='ltr'>dissimulatione</span> <span class='ocrx_word' id='word_1_56' title='bbox 704 1909 816 1981; x_wconf 74' lang='lat' dir='ltr'>aliena</span> <span class='ocrx_word' id='word_1_57' title='bbox 846 1913 1034 1998; x_wconf 88' lang='lat' dir='ltr'>iniquitatis,</span> <span class='ocrx_word' id='word_1_58' title='bbox 1061 1924 1224 1980; x_wconf 72' lang='lat' dir='ltr'>conuctu</span> <span class='ocrx_word' id='word_1_59' title='bbox 1253 1919 1321 1983; x_wconf 85' lang='lat' dir='ltr'>im·</span> 
     </span>
     <span class='ocr_line' id='line_1_9' title="bbox 346 2014 722 2099; baseline 0.003 -22"><span class='ocrx_word' id='word_1_60' title='bbox 346 2014 511 2080; x_wconf 72' lang='lat' dir='ltr'>munditia</span> <span class='ocrx_word' id='word_1_61' title='bbox 527 2017 722 2099; x_wconf 74' lang='lat' dir='ltr'>polluentur.</span> 
     </span>
    </p>
   </div>
   <div class='ocr_carea' id='block_1_3' title="bbox 385 2249 1287 2431">
    <p class='ocr_par' dir='ltr' id='par_1_3' title="bbox 385 2249 1287 2431">
     <span class='ocr_line' id='line_1_10' title="bbox 385 2249 1287 2317; baseline 0.001 -2"><span class='ocrx_word' id='word_1_62' title='bbox 385 2251 606 2316; x_wconf 84' lang='lat' dir='ltr'><strong>EPISTOLA</strong></span> <span class='ocrx_word' id='word_1_63' title='bbox 628 2249 901 2314; x_wconf 66' lang='lat' dir='ltr'>ccxxix—m</span> <span class='ocrx_word' id='word_1_64' title='bbox 915 2266 1091 2314; x_wconf 79' lang='lat' dir='ltr'>urcaaonn</span> <span class='ocrx_word' id='word_1_65' title='bbox 1107 2266 1287 2317; x_wconf 70' lang='lat' dir='ltr'>mansu</span> 
     </span>
     <span class='ocr_line' id='line_1_11' title="bbox 632 2349 1004 2431; baseline -0.005 -16"><span class='ocrx_word' id='word_1_66' title='bbox 632 2368 735 2415; x_wconf 80' lang='lat' dir='ltr'>suun.</span> <span class='ocrx_word' id='word_1_67' title='bbox 783 2349 828 2430; x_wconf 80' lang='lat' dir='ltr'>[a.</span> <span class='ocrx_word' id='word_1_68' title='bbox 846 2369 877 2414; x_wconf 87' lang='lat' dir='ltr'>n.</span> <span class='ocrx_word' id='word_1_69' title='bbox 896 2351 1004 2431; x_wconf 86' lang='grc'><strong>1166.]</strong></span> 
     </span>
    </p>
   </div>
   <div class='ocr_carea' id='block_1_4' title="bbox 648 2497 989 2573">
    <p class='ocr_par' dir='ltr' id='par_1_4' title="bbox 648 2497 989 2573">
     <span class='ocr_line' id='line_1_12' title="bbox 648 2497 989 2573; baseline 0.006 -12"><span class='ocrx_word' id='word_1_70' title='bbox 648 2497 791 2561; x_wconf 80' lang='lat' dir='ltr'>Ricordo</span> <span class='ocrx_word' id='word_1_71' title='bbox 796 2497 908 2573; x_wconf 83' lang='lat' dir='ltr'>fratri</span> <span class='ocrx_word' id='word_1_72' title='bbox 920 2517 989 2563; x_wconf 78' lang='lat' dir='ltr'>suo.</span> 
     </span>
    </p>
   </div>
   <div class='ocr_carea' id='block_1_5' title="bbox 343 2622 1326 4819">
    <p class='ocr_par' dir='ltr' id='par_1_5' title="bbox 343 2622 1326 4819">
     <span class='ocr_line' id='line_1_13' title="bbox 390 2622 1325 2708; baseline 0.009 -21"><span class='ocrx_word' id='word_1_73' title='bbox 390 2626 428 2688; x_wconf 80' lang='lat' dir='ltr'>ts</span> <span class='ocrx_word' id='word_1_74' title='bbox 445 2635 487 2702; x_wconf 90' lang='lat' dir='ltr'>te,</span> <span class='ocrx_word' id='word_1_75' title='bbox 500 2623 641 2687; x_wconf 90' lang='lat' dir='ltr'>omnium</span> <span class='ocrx_word' id='word_1_76' title='bbox 657 2622 879 2685; x_wconf 86' lang='lat' dir='ltr'>moriturorum</span> <span class='ocrx_word' id='word_1_77' title='bbox 895 2622 1088 2701; x_wconf 88' lang='lat' dir='ltr'>dulcissima,</span> <span class='ocrx_word' id='word_1_78' title='bbox 1098 2625 1197 2708; x_wconf 82' lang='lat' dir='ltr'>plane</span> <span class='ocrx_word' id='word_1_79' title='bbox 1216 2630 1325 2694; x_wconf 76' lang='lat' dir='ltr'>uide·</span> 
     </span>
     <span class='ocr_line' id='line_1_14' title="bbox 344 2722 1326 2814; baseline 0.003 -25"><span class='ocrx_word' id='word_1_80' title='bbox 344 2729 403 2789; x_wconf 88' lang='lat' dir='ltr'>bor</span> <span class='ocrx_word' id='word_1_81' title='bbox 417 2724 561 2808; x_wconf 85' lang='lat' dir='ltr'>injurius,</span> <span class='ocrx_word' id='word_1_82' title='bbox 577 2725 604 2787; x_wconf 90' lang='lat' dir='ltr'>si</span> <span class='ocrx_word' id='word_1_83' title='bbox 620 2725 769 2806; x_wconf 85' lang='lat' dir='ltr'>cuiquam</span> <span class='ocrx_word' id='word_1_84' title='bbox 785 2742 805 2784; x_wconf 95' lang='lat' dir='ltr'>a</span> <span class='ocrx_word' id='word_1_85' title='bbox 825 2722 1079 2805; x_wconf 82' lang='lat' dir='ltr'>peregrinatione</span> <span class='ocrx_word' id='word_1_86' title='bbox 1102 2746 1174 2786; x_wconf 91' lang='lat' dir='ltr'>maa</span> <span class='ocrx_word' id='word_1_87' title='bbox 1199 2731 1326 2814; x_wconf 89' lang='lat' dir='ltr'>scrip-</span> 
     </span>
     <span class='ocr_line' id='line_1_15' title="bbox 344 2824 1323 2906; baseline 0 -15"><span class='ocrx_word' id='word_1_88' title='bbox 344 2849 425 2899; x_wconf 89' lang='lat' dir='ltr'>sero,</span> <span class='ocrx_word' id='word_1_89' title='bbox 457 2828 621 2889; x_wconf 76' lang='lat' dir='ltr'>subticens</span> <span class='ocrx_word' id='word_1_90' title='bbox 651 2824 719 2900; x_wconf 89' lang='lat' dir='ltr'>tibi,</span> <span class='ocrx_word' id='word_1_91' title='bbox 748 2845 842 2906; x_wconf 88' lang='lat' dir='ltr'>quem</span> <span class='ocrx_word' id='word_1_92' title='bbox 874 2845 969 2906; x_wconf 87' lang='lat' dir='ltr'>super</span> <span class='ocrx_word' id='word_1_93' title='bbox 998 2838 1082 2888; x_wconf 88' lang='lat' dir='ltr'>statu</span> <span class='ocrx_word' id='word_1_94' title='bbox 1112 2848 1194 2901; x_wconf 88' lang='lat' dir='ltr'>meo,</span> <span class='ocrx_word' id='word_1_95' title='bbox 1233 2851 1323 2894; x_wconf 87' lang='lat' dir='ltr'>cum</span> 
     </span>
     <span class='ocr_line' id='line_1_16' title="bbox 345 2927 1322 3009; baseline -0.01 -18"><span class='ocrx_word' id='word_1_96' title='bbox 345 2929 488 2992; x_wconf 89' lang='lat' dir='ltr'>Domino</span> <span class='ocrx_word' id='word_1_97' title='bbox 509 2927 637 2989; x_wconf 81' lang='lat' dir='ltr'>amabili</span> <span class='ocrx_word' id='word_1_98' title='bbox 660 2935 761 2987; x_wconf 90' lang='lat' dir='ltr'>matre</span> <span class='ocrx_word' id='word_1_99' title='bbox 783 2938 904 3001; x_wconf 90' lang='lat' dir='ltr'>nostra,</span> <span class='ocrx_word' id='word_1_100' title='bbox 919 2947 985 2986; x_wconf 90' lang='lat' dir='ltr'>non</span> <span class='ocrx_word' id='word_1_101' title='bbox 1004 2929 1132 3007; x_wconf 82' lang='lat' dir='ltr'>ambigo</span> <span class='ocrx_word' id='word_1_102' title='bbox 1148 2948 1218 3009; x_wconf 80' lang='lat' dir='ltr'>prae</span> <span class='ocrx_word' id='word_1_103' title='bbox 1247 2952 1322 2994; x_wconf 63' lang='lat' dir='ltr'>cn.</span> 
     </span>
     <span class='ocr_line' id='line_1_17' title="bbox 344 3026 1321 3094; baseline -0.001 0"><span class='ocrx_word' id='word_1_104' title='bbox 344 3030 422 3094; x_wconf 89' lang='lat' dir='ltr'>teris</span> <span class='ocrx_word' id='word_1_105' title='bbox 445 3029 632 3091; x_wconf 77' lang='lat' dir='ltr'>mortalibus</span> <span class='ocrx_word' id='word_1_106' title='bbox 654 3047 723 3088; x_wconf 86' lang='lat' dir='ltr'>esse</span> <span class='ocrx_word' id='word_1_107' title='bbox 750 3027 932 3089; x_wconf 90' lang='lat' dir='ltr'>sollicitum.</span> <span class='ocrx_word' id='word_1_108' title='bbox 980 3026 1070 3090; x_wconf 89' lang='lat' dir='ltr'>Licet</span> <span class='ocrx_word' id='word_1_109' title='bbox 1091 3029 1175 3092; x_wconf 84' lang='lat' dir='ltr'>enirn</span> <span class='ocrx_word' id='word_1_110' title='bbox 1199 3029 1321 3094; x_wconf 87' lang='lat' dir='ltr'>inter·</span> 
     </span>
     <span class='ocr_line' id='line_1_18' title="bbox 344 3126 1317 3205; baseline 0.002 -12"><span class='ocrx_word' id='word_1_111' title='bbox 344 3129 419 3193; x_wconf 89' lang='lat' dir='ltr'>dum</span> <span class='ocrx_word' id='word_1_112' title='bbox 449 3127 532 3190; x_wconf 87' lang='lat' dir='ltr'>desit</span> <span class='ocrx_word' id='word_1_113' title='bbox 556 3126 687 3189; x_wconf 90' lang='lat' dir='ltr'>materia</span> <span class='ocrx_word' id='word_1_114' title='bbox 713 3127 762 3188; x_wconf 87' lang='lat' dir='ltr'>rel</span> <span class='ocrx_word' id='word_1_115' title='bbox 793 3127 922 3190; x_wconf 87' lang='lat' dir='ltr'>occasio</span> <span class='ocrx_word' id='word_1_116' title='bbox 953 3128 1208 3205; x_wconf 88' lang='lat' dir='ltr'>scribendorum,</span> <span class='ocrx_word' id='word_1_117' title='bbox 1240 3130 1317 3195; x_wconf 88' lang='lat' dir='ltr'>hoc</span> 
     </span>
     <span class='ocr_line' id='line_1_19' title="bbox 344 3224 1319 3314; baseline 0.003 -21"><span class='ocrx_word' id='word_1_118' title='bbox 344 3229 448 3314; x_wconf 87' lang='lat' dir='ltr'>ipsum</span> <span class='ocrx_word' id='word_1_119' title='bbox 472 3227 531 3290; x_wconf 89' lang='lat' dir='ltr'>tibi</span> <span class='ocrx_word' id='word_1_120' title='bbox 561 3224 766 3290; x_wconf 89' lang='lat' dir='ltr'>scribendum</span> <span class='ocrx_word' id='word_1_121' title='bbox 797 3227 942 3304; x_wconf 82' lang='lat' dir='ltr'>arbitror,</span> <span class='ocrx_word' id='word_1_122' title='bbox 964 3228 1124 3290; x_wconf 86' lang='lat' dir='ltr'>scribendi</span> <span class='ocrx_word' id='word_1_123' title='bbox 1153 3232 1319 3297; x_wconf 88' lang='lat' dir='ltr'>occasio-</span> 
     </span>
     <span class='ocr_line' id='line_1_20' title="bbox 344 3326 1316 3400; baseline 0.001 -5"><span class='ocrx_word' id='word_1_124' title='bbox 344 3353 418 3396; x_wconf 86' lang='lat' dir='ltr'>nem</span> <span class='ocrx_word' id='word_1_125' title='bbox 447 3342 480 3393; x_wconf 90' lang='lat' dir='ltr'>et</span> <span class='ocrx_word' id='word_1_126' title='bbox 507 3328 669 3392; x_wconf 85' lang='lat' dir='ltr'>materiam</span> <span class='ocrx_word' id='word_1_127' title='bbox 699 3326 850 3391; x_wconf 83' lang='lat' dir='ltr'>defuisse.</span> <span class='ocrx_word' id='word_1_128' title='bbox 904 3327 999 3400; x_wconf 88' lang='lat' dir='ltr'>Quod</span> <span class='ocrx_word' id='word_1_129' title='bbox 1029 3340 1134 3391; x_wconf 90' lang='lat' dir='ltr'>autem</span> <span class='ocrx_word' id='word_1_130' title='bbox 1165 3328 1316 3396; x_wconf 90' lang='lat' dir='ltr'>domino</span> 
     </span>
     <span class='ocr_line' id='line_1_21' title="bbox 343 3428 1319 3515; baseline 0.001 -19"><span class='ocrx_word' id='word_1_131' title='bbox 343 3433 500 3515; x_wconf 90' lang='lat' dir='ltr'>episcopo</span> <span class='ocrx_word' id='word_1_132' title='bbox 539 3429 653 3511; x_wconf 88' lang='lat' dir='ltr'>scripsi</span> <span class='ocrx_word' id='word_1_133' title='bbox 682 3428 741 3491; x_wconf 89' lang='lat' dir='ltr'>tibi</span> <span class='ocrx_word' id='word_1_134' title='bbox 774 3430 894 3510; x_wconf 87' lang='lat' dir='ltr'>pariter</span> <span class='ocrx_word' id='word_1_135' title='bbox 923 3428 1112 3505; x_wconf 90' lang='lat' dir='ltr'>innotescet,</span> <span class='ocrx_word' id='word_1_136' title='bbox 1141 3430 1232 3493; x_wconf 90' lang='lat' dir='ltr'>sieut</span> <span class='ocrx_word' id='word_1_137' title='bbox 1270 3454 1319 3497; x_wconf 80' lang='lat' dir='ltr'>ea</span> 
     </span>
     <span class='ocr_line' id='line_1_22' title="bbox 346 3527 1318 3615; baseline 0 -19"><span class='ocrx_word' id='word_1_138' title='bbox 346 3554 419 3615; x_wconf 81' lang='lat' dir='ltr'>quae</span> <span class='ocrx_word' id='word_1_139' title='bbox 434 3532 492 3595; x_wconf 90' lang='lat' dir='ltr'>tibi</span> <span class='ocrx_word' id='word_1_140' title='bbox 508 3531 627 3612; x_wconf 85' lang='lat' dir='ltr'>scripta</span> <span class='ocrx_word' id='word_1_141' title='bbox 642 3542 727 3603; x_wconf 89' lang='lat' dir='ltr'>sunt,</span> <span class='ocrx_word' id='word_1_142' title='bbox 743 3529 915 3591; x_wconf 88' lang='lat' dir='ltr'>sinceritati</span> <span class='ocrx_word' id='word_1_143' title='bbox 932 3527 1001 3611; x_wconf 87' lang='lat' dir='ltr'>ejus</span> <span class='ocrx_word' id='word_1_144' title='bbox 1021 3532 1140 3610; x_wconf 89' lang='lat' dir='ltr'>poteris</span> <span class='ocrx_word' id='word_1_145' title='bbox 1159 3551 1318 3611; x_wconf 70' lang='lat' dir='ltr'>praesen·</span> 
     </span>
     <span class='ocr_line' id='line_1_23' title="bbox 345 3628 1316 3714; baseline 0.001 -20"><span class='ocrx_word' id='word_1_146' title='bbox 345 3648 421 3694; x_wconf 87' lang='lat' dir='ltr'>tare.</span> <span class='ocrx_word' id='word_1_147' title='bbox 467 3632 547 3692; x_wconf 95' lang='lat' dir='ltr'>Volo</span> <span class='ocrx_word' id='word_1_148' title='bbox 569 3631 656 3692; x_wconf 91' lang='lat' dir='ltr'>enim</span> <span class='ocrx_word' id='word_1_149' title='bbox 678 3642 713 3691; x_wconf 89' lang='lat' dir='ltr'>ut</span> <span class='ocrx_word' id='word_1_150' title='bbox 735 3628 766 3690; x_wconf 88' lang='lat' dir='ltr'>ei</span> <span class='ocrx_word' id='word_1_151' title='bbox 788 3630 822 3690; x_wconf 94' lang='lat' dir='ltr'>in</span> <span class='ocrx_word' id='word_1_152' title='bbox 842 3630 990 3692; x_wconf 90' lang='lat' dir='ltr'>omnibus</span> <span class='ocrx_word' id='word_1_153' title='bbox 1013 3628 1201 3713; x_wconf 85' lang='lat' dir='ltr'>adquiescas</span> <span class='ocrx_word' id='word_1_154' title='bbox 1230 3653 1316 3714; x_wconf 83' lang='lat' dir='ltr'>quae</span> 
     </span>
     <span class='ocr_line' id='line_1_24' title="bbox 345 3729 1316 3815; baseline 0.008 -23"><span class='ocrx_word' id='word_1_155' title='bbox 345 3730 387 3792; x_wconf 85' lang='lat' dir='ltr'>ad</span> <span class='ocrx_word' id='word_1_156' title='bbox 411 3741 441 3790; x_wconf 89' lang='lat' dir='ltr'>tc</span> <span class='ocrx_word' id='word_1_157' title='bbox 463 3729 679 3808; x_wconf 85' lang='lat' dir='ltr'>pertinebunt,</span> <span class='ocrx_word' id='word_1_158' title='bbox 701 3742 734 3791; x_wconf 89' lang='lat' dir='ltr'>et</span> <span class='ocrx_word' id='word_1_159' title='bbox 758 3731 928 3794; x_wconf 87' lang='lat' dir='ltr'>consilium</span> <span class='ocrx_word' id='word_1_160' title='bbox 952 3730 1021 3812; x_wconf 86' lang='lat' dir='ltr'>ejus</span> <span class='ocrx_word' id='word_1_161' title='bbox 1044 3732 1190 3814; x_wconf 83' lang='lat' dir='ltr'>praeferas</span> <span class='ocrx_word' id='word_1_162' title='bbox 1216 3755 1316 3815; x_wconf 89' lang='lat' dir='ltr'>meo,</span> 
     </span>
     <span class='ocr_line' id='line_1_25' title="bbox 346 3826 1317 3911; baseline 0.011 -22"><span class='ocrx_word' id='word_1_163' title='bbox 346 3840 414 3893; x_wconf 91' lang='lat' dir='ltr'>tum</span> <span class='ocrx_word' id='word_1_164' title='bbox 427 3826 504 3908; x_wconf 87' lang='lat' dir='ltr'>quia</span> <span class='ocrx_word' id='word_1_165' title='bbox 512 3827 608 3886; x_wconf 88' lang='lat' dir='ltr'>nobis</span> <span class='ocrx_word' id='word_1_166' title='bbox 619 3828 793 3905; x_wconf 80' lang='lat' dir='ltr'>sapientior</span> <span class='ocrx_word' id='word_1_167' title='bbox 803 3842 862 3904; x_wconf 89' lang='lat' dir='ltr'>est,</span> <span class='ocrx_word' id='word_1_168' title='bbox 871 3844 938 3892; x_wconf 89' lang='lat' dir='ltr'>tum</span> <span class='ocrx_word' id='word_1_169' title='bbox 949 3832 1025 3911; x_wconf 89' lang='lat' dir='ltr'>quia</span> <span class='ocrx_word' id='word_1_170' title='bbox 1035 3854 1108 3895; x_wconf 88' lang='lat' dir='ltr'>eum</span> <span class='ocrx_word' id='word_1_171' title='bbox 1120 3833 1317 3902; x_wconf 83' lang='lat' dir='ltr'>uberiorem</span> 
     </span>
     <span class='ocr_line' id='line_1_26' title="bbox 345 3925 1317 4020; baseline 0.005 -28"><span class='ocrx_word' id='word_1_172' title='bbox 345 3931 476 4011; x_wconf 82' lang='lat' dir='ltr'>gratiam</span> <span class='ocrx_word' id='word_1_173' title='bbox 497 3925 630 3986; x_wconf 86' lang='lat' dir='ltr'>Domini</span> <span class='ocrx_word' id='word_1_174' title='bbox 649 3925 766 3986; x_wconf 90' lang='lat' dir='ltr'>habere</span> <span class='ocrx_word' id='word_1_175' title='bbox 790 3928 930 4005; x_wconf 86' lang='lat' dir='ltr'>confido,</span> <span class='ocrx_word' id='word_1_176' title='bbox 945 3942 977 3991; x_wconf 94' lang='lat' dir='ltr'>et</span> <span class='ocrx_word' id='word_1_177' title='bbox 996 3952 1056 3992; x_wconf 91' lang='lat' dir='ltr'>nos</span> <span class='ocrx_word' id='word_1_178' title='bbox 1077 3954 1157 4014; x_wconf 91' lang='lat' dir='ltr'>quos</span> <span class='ocrx_word' id='word_1_179' title='bbox 1172 3956 1317 4020; x_wconf 77' lang='lat' dir='ltr'>semper</span> 
     </span>
     <span class='ocr_line' id='line_1_27' title="bbox 345 4024 1314 4106; baseline 0.01 -12"><span class='ocrx_word' id='word_1_180' title='bbox 345 4030 459 4094; x_wconf 82' lang='lat' dir='ltr'>dilexit</span> <span class='ocrx_word' id='word_1_181' title='bbox 473 4024 603 4090; x_wconf 86' lang='lat' dir='ltr'>caritate</span> <span class='ocrx_word' id='word_1_182' title='bbox 619 4025 752 4099; x_wconf 88' lang='lat' dir='ltr'>sincera,</span> <span class='ocrx_word' id='word_1_183' title='bbox 762 4026 846 4087; x_wconf 89' lang='lat' dir='ltr'>sicut</span> <span class='ocrx_word' id='word_1_184' title='bbox 861 4027 1057 4106; x_wconf 87' lang='lat' dir='ltr'>auctoritate,</span> <span class='ocrx_word' id='word_1_185' title='bbox 1068 4033 1112 4092; x_wconf 90' lang='lat' dir='ltr'>sic</span> <span class='ocrx_word' id='word_1_186' title='bbox 1129 4043 1161 4093; x_wconf 92' lang='lat' dir='ltr'>et</span> <span class='ocrx_word' id='word_1_187' title='bbox 1177 4039 1314 4104; x_wconf 88' lang='lat' dir='ltr'>meritis</span> 
     </span>
     <span class='ocr_line' id='line_1_28' title="bbox 345 4126 1313 4206; baseline -0.002 -11"><span class='ocrx_word' id='word_1_188' title='bbox 345 4128 514 4195; x_wconf 86' lang='lat' dir='ltr'>antecedit.</span> <span class='ocrx_word' id='word_1_189' title='bbox 560 4126 653 4198; x_wconf 86' lang='lat' dir='ltr'>Quod</span> <span class='ocrx_word' id='word_1_190' title='bbox 681 4138 785 4188; x_wconf 89' lang='lat' dir='ltr'>autem</span> <span class='ocrx_word' id='word_1_191' title='bbox 811 4128 840 4189; x_wconf 88' lang='lat' dir='ltr'>ei</span> <span class='ocrx_word' id='word_1_192' title='bbox 865 4128 1070 4192; x_wconf 87' lang='lat' dir='ltr'>scribendum</span> <span class='ocrx_word' id='word_1_193' title='bbox 1097 4132 1207 4206; x_wconf 84' lang='lat' dir='ltr'>suerat,</span> <span class='ocrx_word' id='word_1_194' title='bbox 1240 4140 1313 4204; x_wconf 80' lang='lat' dir='ltr'>nisi</span> 
     </span>
     <span class='ocr_line' id='line_1_29' title="bbox 346 4228 1313 4311; baseline -0.001 -14"><span class='ocrx_word' id='word_1_195' title='bbox 346 4229 525 4296; x_wconf 84' lang='lat' dir='ltr'>deficientis</span> <span class='ocrx_word' id='word_1_196' title='bbox 560 4228 727 4311; x_wconf 88' lang='lat' dir='ltr'>protocolli</span> <span class='ocrx_word' id='word_1_197' title='bbox 764 4230 900 4292; x_wconf 79' lang='lat' dir='ltr'>brevitas</span> <span class='ocrx_word' id='word_1_198' title='bbox 938 4231 1123 4308; x_wconf 85' lang='lat' dir='ltr'>obstitisset,</span> <span class='ocrx_word' id='word_1_199' title='bbox 1158 4235 1188 4296; x_wconf 91' lang='lat' dir='ltr'>ei</span> <span class='ocrx_word' id='word_1_200' title='bbox 1228 4259 1313 4304; x_wconf 83' lang='lat' dir='ltr'>meo</span> 
     </span>
     <span class='ocr_line' id='line_1_30' title="bbox 345 4327 1312 4414; baseline 0.003 -18"><span class='ocrx_word' id='word_1_201' title='bbox 345 4333 473 4396; x_wconf 90' lang='lat' dir='ltr'>nornine</span> <span class='ocrx_word' id='word_1_202' title='bbox 495 4327 621 4392; x_wconf 87' lang='lat' dir='ltr'>suaderi</span> <span class='ocrx_word' id='word_1_203' title='bbox 644 4328 803 4404; x_wconf 88' lang='lat' dir='ltr'>desidero,</span> <span class='ocrx_word' id='word_1_204' title='bbox 820 4343 851 4395; x_wconf 92' lang='lat' dir='ltr'>et</span> <span class='ocrx_word' id='word_1_205' title='bbox 869 4331 987 4394; x_wconf 89' lang='lat' dir='ltr'>utinam</span> <span class='ocrx_word' id='word_1_206' title='bbox 1009 4334 1145 4414; x_wconf 89' lang='lat' dir='ltr'>Spiritus</span> <span class='ocrx_word' id='word_1_207' title='bbox 1166 4353 1312 4406; x_wconf 77' lang='lat' dir='ltr'>sanetus</span> 
     </span>
     <span class='ocr_line' id='line_1_31' title="bbox 344 4430 1309 4517; baseline 0.007 -20"><span class='ocrx_word' id='word_1_208' title='bbox 344 4431 545 4517; x_wconf 89' lang='lat' dir='ltr'>persuadeat,</span> <span class='ocrx_word' id='word_1_209' title='bbox 575 4430 629 4512; x_wconf 92' lang='lat' dir='ltr'>qui</span> <span class='ocrx_word' id='word_1_210' title='bbox 666 4430 699 4492; x_wconf 90' lang='lat' dir='ltr'>in</span> <span class='ocrx_word' id='word_1_211' title='bbox 737 4431 936 4494; x_wconf 86' lang='lat' dir='ltr'>necessitatis</span> <span class='ocrx_word' id='word_1_212' title='bbox 970 4434 1102 4497; x_wconf 88' lang='lat' dir='ltr'>articulo</span> <span class='ocrx_word' id='word_1_213' title='bbox 1132 4453 1309 4517; x_wconf 88' lang='lat' dir='ltr'>sperantes</span> 
     </span>
     <span class='ocr_line' id='line_1_32' title="bbox 344 4531 1306 4609; baseline 0.007 -11"><span class='ocrx_word' id='word_1_214' title='bbox 344 4537 378 4598; x_wconf 95' lang='lat' dir='ltr'>in</span> <span class='ocrx_word' id='word_1_215' title='bbox 394 4556 438 4609; x_wconf 89' lang='lat' dir='ltr'>se,</span> <span class='ocrx_word' id='word_1_216' title='bbox 455 4532 567 4594; x_wconf 90' lang='lat' dir='ltr'>solatio</span> <span class='ocrx_word' id='word_1_217' title='bbox 583 4531 709 4594; x_wconf 88' lang='lat' dir='ltr'>consilii</span> <span class='ocrx_word' id='word_1_218' title='bbox 731 4532 901 4595; x_wconf 88' lang='lat' dir='ltr'>destitutos</span> <span class='ocrx_word' id='word_1_219' title='bbox 922 4554 1071 4597; x_wconf 90' lang='lat' dir='ltr'>essenon</span> <span class='ocrx_word' id='word_1_220' title='bbox 1088 4536 1171 4598; x_wconf 83' lang='lat' dir='ltr'>sinit.</span> <span class='ocrx_word' id='word_1_221' title='bbox 1218 4539 1306 4605; x_wconf 91' lang='lat' dir='ltr'>Hoc</span> 
     </span>
     <span class='ocr_line' id='line_1_33' title="bbox 344 4633 1308 4719; baseline 0.007 -21"><span class='ocrx_word' id='word_1_222' title='bbox 344 4647 448 4705; x_wconf 86' lang='lat' dir='ltr'>autem</span> <span class='ocrx_word' id='word_1_223' title='bbox 465 4643 525 4706; x_wconf 87' lang='lat' dir='ltr'>est,</span> <span class='ocrx_word' id='word_1_224' title='bbox 541 4646 576 4694; x_wconf 89' lang='lat' dir='ltr'>ut</span> <span class='ocrx_word' id='word_1_225' title='bbox 597 4633 629 4694; x_wconf 91' lang='lat' dir='ltr'>in</span> <span class='ocrx_word' id='word_1_226' title='bbox 652 4633 713 4694; x_wconf 93' lang='lat' dir='ltr'>hoc</span> <span class='ocrx_word' id='word_1_227' title='bbox 736 4634 889 4696; x_wconf 90' lang='lat' dir='ltr'>conflictu</span> <span class='ocrx_word' id='word_1_228' title='bbox 912 4637 1079 4716; x_wconf 87' lang='lat' dir='ltr'>potestatis</span> <span class='ocrx_word' id='word_1_229' title='bbox 1101 4650 1133 4700; x_wconf 91' lang='lat' dir='ltr'>et</span> <span class='ocrx_word' id='word_1_230' title='bbox 1149 4638 1236 4719; x_wconf 87' lang='lat' dir='ltr'>juris</span> <span class='ocrx_word' id='word_1_231' title='bbox 1263 4665 1308 4708; x_wconf 86' lang='lat' dir='ltr'>ea</span> 
     </span>
     <span class='ocr_line' id='line_1_34' title="bbox 344 4732 1308 4819; baseline 0.007 -24"><span class='ocrx_word' id='word_1_232' title='bbox 344 4732 561 4799; x_wconf 85' lang='lat' dir='ltr'>moderatione</span> <span class='ocrx_word' id='word_1_233' title='bbox 572 4732 711 4807; x_wconf 86' lang='lat' dir='ltr'>incedat,</span> <span class='ocrx_word' id='word_1_234' title='bbox 722 4734 839 4814; x_wconf 80' lang='lat' dir='ltr'>praevia</span> <span class='ocrx_word' id='word_1_235' title='bbox 851 4735 933 4813; x_wconf 82' lang='lat' dir='ltr'>lege,</span> <span class='ocrx_word' id='word_1_236' title='bbox 944 4735 1025 4798; x_wconf 86' lang='lat' dir='ltr'>duce</span> <span class='ocrx_word' id='word_1_237' title='bbox 1039 4738 1150 4814; x_wconf 82' lang='lat' dir='ltr'>gratia,</span> <span class='ocrx_word' id='word_1_238' title='bbox 1160 4738 1308 4819; x_wconf 82' lang='lat' dir='ltr'>juvante</span> 
     </span>
    </p>
   </div>
   <div class='ocr_carea' id='block_1_6' title="bbox 0 0 1654 6434">
    <p class='ocr_par' dir='ltr' id='par_1_6' title="bbox 0 0 1654 6434">
     <span class='ocr_line' id='line_1_35' title="bbox 0 0 1654 6434; baseline 0 0"><span class='ocrx_word' id='word_1_239' title='bbox 0 0 1654 6434; x_wconf 95' lang='lat' dir='ltr'> </span> 
     </span>
    </p>
   </div>
  </div>
 </body>
</html>
