3300 6434
253 1337 258 1344 ·
342 1260 409 1319 332
599 1270 735 1315 scaurus
751 1264 1024 1315 sanasenamnsrs
1207 1253 1257 1332 [a.
1276 1273 1308 1318 n.

342 1424 497 1509 sequitur,
516 1422 574 1487 sed
595 1423 628 1486 in
652 1422 800 1507 equitate
818 1422 980 1506 judicabit
1000 1424 1111 1487 orbem
1133 1432 1309 1503 terrarum,

341 1535 373 1588 et
400 1546 459 1609 pro
487 1525 663 1589 mansuetis
693 1524 913 1587 condemnans
943 1523 1072 1605 impios,
1099 1525 1306 1606 potentiores

340 1628 503 1708 potentius
524 1627 627 1710 punit,
643 1634 676 1689 et
696 1625 886 1708 pervertitur
907 1644 980 1686 curn
1003 1625 1171 1707 perversis.
1218 1624 1305 1688 Inde

341 1737 399 1803 est,
411 1727 499 1811 quod
515 1727 716 1790 affectuosius
732 1735 818 1807 peto,
833 1735 992 1807 quatenus
1007 1725 1180 1787 instantius
1194 1724 1305 1804 agatis

342 1827 431 1912 quod
453 1828 558 1909 agitis,
580 1826 730 1901 dicendo,
753 1824 938 1900 scribendo,
959 1824 1119 1902 faciendo,
1143 1826 1236 1909 quod
1259 1826 1301 1890 ad

342 1931 585 1993 evacuationem
614 1928 796 1992 schismatis
823 1948 882 2011 per
912 1928 1062 1991 collatam
1090 1927 1182 1990 vobis
1214 1927 1301 2011 sapi·

340 2030 460 2094 entiam
478 2053 498 2094 a
519 2030 661 2095 Domino
683 2028 896 2110 cognoveritis
918 2028 1087 2110 pertinere,
1107 2038 1144 2090 ut
1165 2038 1200 2090 et
1222 2049 1303 2092 con·

340 2132 477 2196 scientia
498 2133 540 2196 sit
566 2134 662 2195 tutior
684 2130 771 2213 apud
799 2131 918 2207 Deum,
941 2142 973 2192 et
998 2128 1085 2212 apud
1112 2130 1302 2211 proximum

342 2236 425 2297 sama
439 2234 624 2318 plenissime
641 2233 855 2297 convalescat.

384 2336 437 2398 De
463 2342 579 2398 caetero
603 2332 651 2410 (ut
672 2353 715 2395 ex
739 2330 938 2395 conscientia
960 2332 1085 2415 loquar)
1108 2329 1151 2393 de
1173 2329 1302 2395 Canta·

342 2435 459 2501 ariensi
474 2445 506 2499 et
520 2436 585 2500 suis
600 2433 751 2519 injustam
769 2431 948 2515 concepisti
964 2432 1200 2514 suspicionem:
1223 2434 1303 2516 quia

343 2538 508 2621 (quantum
538 2534 735 2619 perpendere
765 2534 869 2617 potui)
900 2543 933 2596 et
962 2533 1002 2596 de
1026 2535 1083 2596 illo
1109 2532 1211 2597 etde
1238 2535 1304 2597 illis

342 2640 471 2721 plenam
485 2637 518 2697 in
540 2638 671 2699 caritate
694 2635 819 2698 debetis
841 2634 985 2697 obtinere
1008 2633 1173 2697 fiduciam.
1221 2636 1300 2698 Non

342 2758 417 2821 ergo
439 2737 503 2799 illis
525 2736 690 2818 imputetis
711 2734 966 2816 indignationem
988 2737 1072 2818 regis
1093 2737 1302 2814 Francorum,

342 2839 400 2903 sed
423 2839 524 2915 vobis,
548 2837 605 2921 qui
631 2837 700 2899 sine
726 2836 928 2899 conscientia
954 2838 1023 2919 ejus
1048 2837 1239 2914 recessistis,
1263 2849 1301 2901 ut

343 2938 558 3023 conqueritur,
579 2937 650 3021 ipso
673 2957 772 3019 prope
793 2936 961 2999 transitum
978 2949 1113 3001 vestrum
1139 2937 1301 3001 existente

341 3038 383 3103 ad
397 3038 477 3102 duas
491 3039 611 3119 leugas.
648 3038 763 3122 quue
779 3038 881 3119 magis
897 3048 1002 3101 motus
1017 3047 1077 3115 est,
1092 3038 1180 3122 quod
1197 3060 1300 3122 quum

340 3162 398 3204 vos
413 3141 561 3204 habuerit
581 3139 872 3216 familiarissimum,
887 3139 935 3201 sic
958 3140 1117 3203 transistis
1138 3142 1232 3223 quasi
1253 3139 1300 3204 ad

343 3243 474 3305 aemulos
503 3242 590 3321 regni
617 3241 823 3317 Francorum,
849 3252 880 3302 et
903 3241 1090 3305 nominatim
1120 3240 1162 3303 ad
1192 3242 1297 3305 schis-

341 3341 493 3406 maticum
510 3340 747 3416 Coloniensem,
762 3339 816 3422 qui
832 3361 897 3402 non
913 3339 1010 3403 modo
1031 3341 1215 3405 Ecclesiam
1230 3342 1299 3405 Dei

341 3443 552 3525 persequitur,
582 3441 639 3505 sed
677 3450 709 3504 et
738 3440 855 3523 ipsum,
887 3452 921 3505 ut
950 3441 1084 3518 audivit,
1113 3442 1301 3525 impudenti

341 3544 530 3607 scunilitate
557 3545 723 3607 verborum
749 3542 915 3605 consuerit
941 3545 1086 3623 regulum
1111 3545 1299 3626 appellarer

342 3643 410 3721 sed,
426 3665 522 3728 quum
539 3645 630 3706 vobis
644 3643 678 3706 id
694 3642 783 3706 cordi
799 3643 902 3722 suerit,
913 3644 1144 3724 benignitatem
1161 3644 1301 3710 Christi·

343 3743 484 3808 anissimi
500 3746 655 3829 principis
671 3746 764 3808 vobis
778 3746 971 3828 placabilem
987 3746 1053 3811 lore
1069 3769 1134 3811 non
1151 3747 1280 3822 dubito,

342 4056 563 4121 EPISTOLA
587 4056 776 4237 CXC-{an
792 4078 872 4122 uno.
890 4079 1081 4125 wanrsnnn
1098 4080 1140 4124 nn
1157 4080 1296 4127 insons.

731 4178 799 4222 nn.
817 4161 927 4240 nea]

550 4310 712 4391 Magistro
730 4311 884 4375 Gucltero
899 4314 937 4376 de
952 4315 1079 4377 Insula.

385 4452 642 4515 Pnonnnunnan
670 4450 802 4535 quidem
829 4451 1035 4516 humanitatis
1059 4466 1172 4519 vestrae
1203 4456 1306 4521 sedu-

342 4551 424 4627 litas,
462 4562 495 4614 et
535 4550 690 4614 exhibitio
727 4552 972 4637 promptissimae
1008 4553 1219 4632 liberalitatis,
1262 4574 1304 4623 ut

342 4676 466 4717 ornnem
483 4651 573 4716 vobis
596 4666 652 4717 aut
670 4653 780 4717 vestris
802 4655 999 4739 obsequendi
1022 4659 1302 4742 opportunitatem

343 4768 503 4834 gratanter
517 4756 703 4841 arriperem:
726 4770 768 4835 et,
781 4757 805 4820 si
818 4756 880 4819 alio
895 4756 990 4819 modo
1006 4780 1172 4843 nequeam,
1185 4760 1304 4826 saltem

343 4855 519 4919 devotionis
536 4880 612 4920 meac
636 4844 845 4922 sinceritatem
870 4858 1070 4924 salutationis
1088 4860 1209 4944 judicio
1225 4883 1306 4946 pro-
