3300 6434
350 1254 458 1335 tlte]
732 1273 911 1320 nersrorn.
1238 1265 1302 1323 327

345 1425 390 1488 ita
415 1427 554 1509 reprobi,
576 1436 612 1489 ut
634 1424 801 1491 dominum
827 1428 1013 1512 patientem,
1035 1429 1132 1492 immo
1159 1431 1300 1511 benigne

343 1525 535 1605 audientem,
550 1536 583 1589 et
597 1529 832 1611 correptoribus
854 1531 1027 1593 habentem
1049 1529 1177 1611 gratias,
1197 1532 1302 1595 nolint

344 1627 432 1708 quod
457 1626 617 1690 desiderat
639 1647 855 1703 commonere,
883 1637 918 1691 ut
941 1628 1117 1692 satisfaciat
1139 1629 1299 1694 Domino?

342 1729 382 1790 In
398 1729 571 1792 consilium
586 1728 710 1793 illorum
734 1752 799 1793 uon
816 1731 923 1794 veniat
943 1731 1050 1794 anima
1059 1730 1150 1815 justi,
1164 1751 1300 1814 quorum

344 1830 432 1892 furor
456 1829 647 1893 maledictus
670 1842 728 1908 est,
756 1832 832 1916 quia
857 1833 1005 1914 pertinax
1035 1845 1084 1896 est
1109 1832 1300 1915 indignatio,

347 1932 423 2014 quia
444 1932 533 2009 dura,
549 1934 760 2015 quaerentium
782 1933 963 2007 dumtaxat,
979 1943 1015 1996 ut
1037 1933 1125 2017 quod
1147 1935 1231 1997 male
1246 1933 1301 1996 diu

346 2030 451 2109 libuit,
480 2033 612 2114 impune
642 2033 761 2097 diutius
790 2034 895 2097 liceat.
948 2033 1013 2097 Sed
1044 2033 1098 2117 qui
1131 2045 1238 2117 sperat
1267 2033 1302 2095 in

347 2133 489 2197 Domino
499 2156 564 2197 non
576 2135 799 2213 confundetur,
811 2147 843 2199 et
858 2136 913 2219 qui
925 2135 1101 2199 Dominum
1112 2156 1179 2219 prae
1188 2135 1301 2199 mundi

347 2237 558 2318 potestatibus
587 2238 770 2314 timuerunt,
800 2260 867 2300 non
903 2236 1056 2301 deficient
1085 2239 1173 2300 omni
1203 2240 1300 2302 bono.

350 2338 471 2401 Valete.

347 2635 568 2700 EPISTOLA
591 2637 914 2701 cnxxxvre—rn
936 2655 1111 2701 nrconaurr
1127 2656 1171 2700 nn
1186 2655 1302 2701 nourr

561 2756 836 2802 nornonronnsr.
864 2740 910 2819 [A.
924 2758 955 2801 n.
976 2740 1084 2820 1166]

450 2896 612 2978 Mapiatto
627 2898 765 2958 Nicolao
779 2896 818 2957 rte
835 2894 949 2958 Monte
964 2897 1200 2979 Rotomaqenai.

393 3036 492 3105 Quor)
513 3034 572 3095 tibi
594 3032 693 3094 rarius
715 3032 834 3109 scribo,
850 3054 890 3094 ex
905 3032 1000 3095 variis
1022 3033 1128 3096 causis
1149 3042 1208 3111 est,
1223 3057 1304 3118 quas

349 3134 463 3196 referre
477 3153 542 3194 non
558 3140 694 3214 oportet,
710 3141 777 3216 tum
798 3131 874 3214 quia
894 3133 1001 3214 plures
1023 3153 1129 3196 earum
1145 3134 1204 3197 tibi
1218 3144 1303 3199 notae

351 3242 435 3310 sunt,
455 3244 522 3297 turn
545 3234 621 3317 quia
643 3233 722 3296 alias
743 3254 809 3295 non
832 3232 964 3315 expedit
986 3233 1160 3316 publicare.
1205 3236 1302 3298 Nunc

349 3346 455 3399 autem
481 3356 500 3398 a
525 3334 695 3398 scribendo
721 3356 781 3399 uec
805 3355 936 3397 manum
957 3357 1017 3399 nec
1042 3335 1186 3399 animum
1211 3337 1303 3420 potui

349 3438 510 3515 cohibere,
534 3458 633 3520 quum
655 3438 688 3499 in
713 3436 852 3500 adventu
875 3436 976 3498 fratris
997 3437 1099 3499 nostri
1122 3435 1302 3514 didicerim,

349 3540 436 3624 quod
451 3562 494 3603 ex
508 3539 709 3602 liberalitatis
724 3549 786 3601 tuae
801 3538 923 3601 indicio
939 3539 969 3601 ei
984 3539 1133 3617 innotuit,
1149 3561 1244 3623 quern
1260 3540 1303 3605 ad

350 3662 402 3703 me
423 3651 457 3702 et
475 3661 564 3703 meos
586 3640 736 3702 affectum
757 3640 887 3703 habeas.
933 3640 1077 3712 Quantas
1096 3641 1205 3724 itaque
1227 3664 1300 3723 poe·

351 3760 421 3803 sum
442 3739 482 3802 de
501 3739 697 3803 humanitate
720 3739 766 3802 illi
784 3760 843 3823 per
864 3761 994 3804 manum
1018 3742 1059 3803 R.
1083 3739 1123 3803 de
1143 3741 1303 3805 Luneseia

349 3841 504 3919 exhibita,
541 3838 708 3906 dilectioni
745 3853 808 3905 tuae
846 3842 964 3922 gratias
1001 3863 1072 3924 ago,
1109 3842 1302 3927 quandoque

349 3952 479 4005 auctore
502 3944 643 4006 Domino
667 3943 847 4025 condignas
868 3956 1006 4009 acturus.
1051 3946 1167 4026 Magni
1191 3946 1302 4029 utique

349 4044 433 4107 facio
449 4045 535 4128 quod
549 4045 665 4124 fecisti,
677 4045 735 4109 sed
750 4067 790 4109 eo
805 4046 943 4130 majoris,
956 4069 1020 4131 quo
1036 4046 1132 4109 fidem
1148 4048 1183 4109 in
1199 4047 1301 4110 homi·

348 4146 454 4220 nibus,
464 4147 562 4231 juxta
576 4145 774 4231 prophetiam
786 4147 967 4229 Evangelii,
977 4146 1047 4229 jam
1063 4147 1217 4210 cariorem
1233 4169 1302 4212 esse

349 4247 556 4330 perspicuum
571 4260 633 4311 est:
649 4248 824 4330 praesertim
838 4269 936 4330 quum
951 4244 985 4310 in
1000 4269 1039 4311 ea
1052 4256 1144 4311 aetate
1160 4257 1193 4312 et
1207 4259 1302 4329 gente

349 4347 429 4412 editi
446 4349 557 4427 simus,
568 4350 625 4412 ubi
640 4349 709 4412 sine
725 4349 894 4431 dispendio
910 4349 987 4412 fidei
1000 4349 1055 4411 vix
1070 4350 1190 4433 aliquis
1205 4349 1304 4413 fidem

349 4449 425 4513 facit
447 4449 523 4512 fidei
553 4471 629 4514 suae.
675 4451 895 4515 Certissimum
918 4471 1056 4534 namque
1081 4461 1302 4532 argumentum

350 4549 427 4614 fidei
441 4562 491 4615 est
504 4562 689 4635 contempta
711 4551 812 4615 fides:
837 4551 940 4636 etqui
958 4552 1100 4615 Domino
1116 4553 1303 4634 promissam

350 4652 448 4716 fidem
477 4651 519 4717 ad
549 4654 712 4717 arbitrium
742 4652 913 4717 mundante
936 4654 1101 4736 potestatis
1130 4675 1195 4716 non
1227 4654 1303 4719 facit

349 4755 481 4834 irritam,
504 4754 702 4818 convincitur
724 4753 876 4817 infidelis.
928 4753 962 4818 Si
988 4755 1066 4817 mihi
1096 4775 1163 4817 non
1186 4755 1302 4835 credie,

349 4858 500 4941 operibus
515 4857 600 4920 habe
620 4856 728 4934 fidem,
744 4878 829 4939 quae,
845 4872 879 4920 ut
898 4857 943 4920 ait
963 4857 1068 4935 Jesus,
1085 4877 1179 4941 quom
1196 4856 1303 4921 denuo
