3300 6434
348 1168 456 1242 1166.]
731 1183 908 1228 aarsroan.
1239 1175 1299 1234 831

345 1345 402 1413 est,
417 1335 511 1420 cujus
525 1336 696 1400 occasione
718 1345 856 1418 pereunt
878 1336 989 1402 multi:
1021 1339 1126 1423 etqui
1148 1339 1301 1424 praeordi-

344 1436 412 1501 nati
423 1446 498 1500 sunt
508 1446 583 1519 post
593 1435 773 1519 triumphos
785 1437 956 1518 gloriosius
966 1449 1166 1503 coronantur.
1203 1439 1302 1504 Unde

342 1549 375 1602 et
403 1538 494 1600 navis
522 1538 609 1601 Petri
639 1537 730 1622 quasi
767 1538 910 1601 Domino
940 1539 1119 1604 dormiente
1148 1540 1302 1605 fluctibus

344 1639 437 1703 variis
459 1659 544 1722 saepe
568 1639 746 1702 colliditur:
777 1638 833 1702 sed
856 1640 996 1724 quiade
1020 1641 1150 1706 Christo
1173 1651 1300 1708 vectore

345 1738 490 1817 confidit,
504 1761 633 1823 semper
647 1739 688 1803 ad
704 1740 814 1803 salutis
830 1741 979 1823 enavigat
992 1751 1129 1825 portum.

386 1842 457 1905 Nec
474 1841 636 1924 ambigitis
651 1841 730 1926 quin
745 1841 824 1904 etin
847 1842 955 1905 medio
969 1843 1076 1917 vestri,
1094 1839 1299 1908 Coloniensis

343 1942 501 2007 Ecclesiae
524 1941 609 2021 dico,
630 1963 697 2006 non
719 1951 786 2005 tam
806 1943 905 2006 lateat
926 1943 1107 2022 anathema,
1129 1946 1220 2028 quasi
1242 1946 1300 2009 ali-

343 2064 439 2129 quam
474 2044 539 2107 Dei
567 2043 776 2108 reverentiam
812 2052 846 2107 et
881 2044 1048 2108 homiuum
1076 2047 1300 2111 verecundiam

343 2146 478 2223 habens,
493 2166 588 2229 quam
613 2142 754 2208 insaniat
776 2153 809 2207 et
832 2145 943 2209 saeviat
964 2144 1115 2210 adversus
1138 2148 1244 2211 Deum
1267 2157 1301 2211 et

327 2232 502 2311 'Ecclesiae
517 2244 689 2309 unitatem:
714 2245 880 2329 presertim
899 2267 998 2329 quum
1017 2247 1077 2310 toti
1099 2247 1220 2312 mundo
1235 2250 1300 2313 lere

340 2347 410 2432 jam
426 2347 602 2410 innotuerit
616 2357 754 2431 quantus
769 2357 969 2431 contemptor
990 2346 1147 2414 Ecclesiae
1163 2371 1300 2434 semper,

344 2457 484 2532 quantus
499 2448 657 2521 incentor,
669 2456 703 2510 et
717 2456 830 2510 auctor
844 2447 1034 2522 schismatis,
1050 2470 1092 2512 ex
1105 2471 1168 2533 quo
1183 2453 1299 2533 potuit,

342 2550 472 2613 fuitille
495 2549 698 2613 Coloniensis
722 2558 935 2632 praesumptor
956 2551 1125 2626 Ecclesiae,
1140 2553 1299 2618 maximus

340 2652 423 2714 inter
436 2651 578 2713 locustas
593 2650 715 2727 bestiae,
731 2670 865 2732 quarum
889 2658 1031 2733 potestas
1046 2662 1096 2715 est
1112 2652 1144 2714 in
1168 2653 1299 2738 linguis,

341 2767 374 2819 et
398 2751 511 2817 caudis
536 2774 655 2816 earum.
708 2751 880 2815 Defecerat
904 2752 989 2815 enim
1008 2752 1159 2831 schisma,
1181 2778 1296 2840 pacem

342 2854 446 2917 luerat
467 2861 620 2934 tyrannus
634 2860 740 2913 vester
762 2850 920 2913 Ecclesiae
934 2851 1126 2930 redditurus,
1140 2855 1204 2919 nisi
1224 2880 1298 2922 enm

343 2951 483 3018 Colonia
507 2950 603 3013 etiam
629 2949 735 3013 adhuc
757 2947 907 3012 adversus
933 2950 1116 3014 Ecclesiam
1139 2953 1297 3033 incitaret,

342 3061 379 3113 ut
400 3049 471 3133 pari
484 3058 558 3110 voto
580 3067 645 3109 uon
668 3056 734 3109 tam
756 3045 872 3110 summi
894 3046 1058 3127 pontificis
1079 3049 1185 3127 vitam,
1200 3074 1297 3136 quam

341 3151 428 3215 Petn'
468 3147 655 3231 <lignitatem
697 3157 854 3212 conentur
894 3147 1094 3229 extinguere,
1131 3150 1294 3220 dicentes:

343 3252 522 3335 Allipemus
531 3253 675 3335 justum,
691 3251 843 3331 quoniam
859 3251 990 3313 inutilis
1003 3256 1050 3314 est
1063 3252 1173 3315 nobes:
1193 3258 1297 3320 scien·

342 3357 423 3417 tiam
452 3356 580 3416 nicrum
607 3353 675 3415 Dei
703 3353 865 3429 nolumus,
891 3371 996 3431 repom
1025 3355 1202 3418 nescientes
1230 3360 1297 3422 ariri

345 3457 514 3519 Cesaram.
559 3453 610 3515 Εο
631 3452 716 3515 enim
740 3449 791 3529 (ut
813 3452 917 3533 aiunt)
933 3453 1099 3536 proposito
1114 3456 1148 3518 in
1168 3457 1296 3524 Italiam

342 3556 478 3640 profecti
493 3565 577 3631 sunt,
591 3563 627 3617 ut
642 3555 849 3617 Cremensem
870 3553 1112 3618 haeresiarcham
1132 3557 1297 3627 intrudant

342 3657 376 3718 in
398 3655 507 3719 sedem
529 3653 627 3730 Petri,
642 3665 675 3717 et
690 3655 844 3718 vicarium
868 3655 987 3719 Christi
1009 3668 1065 3721 aut
1086 3662 1294 3742 comprehen-

343 3757 431 3833 dant,
448 3765 502 3818 aut
523 3753 662 3837 ejiciant,
678 3763 733 3816 aut
753 3753 912 3817 occidant.
958 3756 1173 3822 Veruntamen
1193 3765 1294 3827 oratio

342 3857 412 3920 sine
431 3854 665 3919 intermissione
684 3853 722 3916 fit
742 3855 783 3917 ab
804 3855 956 3919 Ecclesia
979 3855 1019 3919 ad
1037 3859 1145 3923 Deum
1166 3882 1225 3943 pro
1245 3884 1295 3943 eo,

342 3969 378 4023 ut
392 3955 634 4041 supramodum
654 3955 764 4020 timere
783 3978 849 4019 non
871 3957 988 4021 debeat
1002 3978 1022 4020 a
1037 3958 1162 4023 duabus
1182 3962 1295 4029 caudis

227 4135 233 4146 ,
342 4059 563 4142 fumigantium
586 4057 747 4136 titionum,
772 4056 943 4122 Frederico
969 4067 1001 4120 et
1026 4058 1216 4141 Reginaldo,
1239 4066 1294 4148 qui

342 4170 501 4245 ponentes
537 4179 665 4223 carnem
693 4158 861 4221 brachium
890 4179 993 4237 suum,
1018 4174 1164 4224 sanctum
1194 4165 1294 4230 lsrael

342 4262 562 4345 blasphemare
588 4282 654 4324 non
680 4272 816 4324 cessant.
862 4261 1010 4324 Profecto
1036 4263 1093 4326 ubi
1117 4264 1292 4331 humanum

342 4363 441 4442 deest,
460 4363 601 4426 divinum
623 4361 779 4426 auxilium
799 4361 1045 4427 necessitatibus
1064 4366 1208 4432 ecclesiae
1231 4370 1295 4433 suf·

341 4463 488 4547 fragatur.
534 4464 641 4527 Nemo
664 4484 756 4527 suum
780 4462 981 4528 fraudulenta
1002 4467 1171 4530 verborum
1193 4491 1293 4534 exen-

341 4567 465 4630 satione
499 4575 623 4629 tueatur
657 4586 804 4641 errorem,
834 4566 1053 4648 voluptatibus
1083 4569 1150 4632 suis
1185 4573 1293 4637 nullus

343 4663 528 4750 applaudat,
548 4665 624 4749 quia
644 4665 735 4727 Deus
754 4685 821 4728 uon
844 4663 999 4743 irridetur,
1014 4667 1070 4750 qui
1089 4689 1155 4731 non
1177 4691 1291 4737 secun·

343 4768 418 4832 dum
431 4767 587 4832 visionem
597 4765 724 4850 judicat
739 4767 918 4831 oculorum:
936 4789 995 4832 nec
1012 4767 1154 4836 auditum
1169 4774 1290 4840 aunum
