3300 6434
301 1241 408 1320 litu]
692 1255 871 1299 arrsronn.
1187 1241 1247 1299 att

296 1408 453 1473 sumillis
476 1404 620 1493 quotidie
643 1402 721 1467 velit
746 1402 885 1484 irrogare
910 1403 942 1466 in
967 1402 1085 1467 cibum.
1132 1403 1248 1467 Nonne

295 1509 477 1574 doctoribus
506 1502 784 1591 improperabitur,
814 1503 891 1589 quia
928 1501 1051 1588 parvuli
1088 1502 1251 1587 petierunt

298 1633 426 1697 panem,
441 1620 475 1673 et
490 1628 553 1672 non
570 1606 632 1670 fuit
645 1610 701 1692 qui
716 1604 878 1687 frangeret
893 1602 979 1669 illis?

321 1928 544 1992 EPISTOLA
566 1926 789 1990 CLXX—nn
805 1942 1060 1989 suentannruu
1075 1939 1228 1986 rnronnrr

486 2047 529 2091 nn
545 2044 650 2090 vanna
667 2046 694 2089 s.
710 2044 820 2090 aaran
849 2026 894 2105 [s.
907 2044 938 2087 n.
957 2024 1066 2102 llud]

346 2257 354 2272 .
406 2187 602 2269 Enpelderto
618 2187 731 2249 Priori
745 2187 785 2249 de
808 2188 898 2250 Valle
912 2188 1031 2249 Sancti
1045 2186 1147 2249 Petri

341 2324 471 2386 Ruuunt
486 2322 602 2385 subitae
621 2321 814 2384 mutationes
834 2322 938 2384 solent
952 2324 1064 2386 afferre
1079 2320 1252 2398 molestias,

300 2436 330 2488 et
347 2425 403 2508 qui
418 2426 556 2488 bonores
577 2423 766 2496 ambierant,
782 2422 858 2486 dum
879 2423 927 2487 eis
946 2424 1142 2488 cohaerentia
1156 2422 1251 2486 susti·

299 2537 377 2589 nent
402 2547 510 2603 onera,
533 2527 722 2609 plerumque
749 2524 913 2599 fatiscunt,
937 2534 970 2588 et
995 2525 1107 2589 dolent
1129 2545 1164 2587 se
1183 2523 1251 2587 voti

300 2638 468 2711 compotes
483 2625 639 2690 extitisse.
685 2626 787 2689 Recte
808 2625 957 2709 quidem:
981 2627 1109 2690 sienim
1125 2624 1252 2708 reprobi

298 2728 374 2805 sint,
399 2727 585 2810 iniquitates
609 2746 716 2789 eorum
736 2725 827 2810 justa
849 2747 948 2809 poena
973 2727 1190 2812 persequitur:
1224 2724 1252 2788 si

298 2828 503 2912 praeordinati
519 2828 561 2891 ad
577 2829 686 2905 vitam,
701 2840 869 2912 conceptoe
884 2829 1068 2893 ambitionis
1082 2847 1251 2892 excessum

300 2931 460 2995 consumit
473 2930 528 3011 pia
542 2929 710 3010 correptio,
725 2940 758 2990 et
771 2930 958 2992 exercitatio
972 2930 1132 2994 laboriosa
1146 2929 1251 2992 cohae·

299 3042 407 3093 rentes
428 3029 606 3090 honoribus
628 3039 683 3091 aut
704 3028 874 3108 extinguit,
896 3041 951 3091 aut
973 3031 1115 3111 reprimit
1137 3030 1251 3110 volup·

299 3141 391 3193 tates.
438 3129 486 3192 Te
510 3149 639 3212 quoque
663 3129 754 3192 facile
777 3128 967 3192 crediderim
989 3129 1029 3192 de
1052 3140 1115 3192 tam
1138 3128 1253 3190 subitis

299 3230 530 3294 mutationibus
557 3229 681 3313 aliquas
707 3229 895 3312 concepisse
919 3231 1100 3295 molestiasr
1131 3226 1189 3292 sed
1210 3246 1252 3293 ex

300 3332 380 3410 aliis,
396 3344 428 3395 et
449 3334 545 3414 longe
568 3330 711 3404 dirersis,
733 3344 764 3394 ct
783 3332 849 3395 fere
869 3331 1113 3395 adversantibus
1136 3328 1250 3392 causis.

299 3435 380 3505 Quis
400 3434 485 3498 enim
506 3432 686 3514 suspicetur
708 3444 738 3494 tc
759 3433 897 3514 alicujus
920 3431 1104 3494 ambitionis
1124 3429 1252 3492 stimulo

301 3535 479 3609 incitatum,
509 3545 544 3595 ut
571 3533 709 3593 honores
739 3545 918 3613 appeteres,
944 3542 979 3593 ut
1008 3530 1253 3612 concupisceres

300 3634 449 3696 mollitias
479 3634 690 3713 voluptatum,
719 3640 756 3693 ut
793 3629 947 3713 opinione
983 3629 1112 3714 plebeia
1141 3641 1253 3693 ventos

300 3732 478 3816 sequereris
493 3732 527 3794 in
542 3732 625 3792 fastu
641 3728 828 3793 mundano?
865 3732 948 3793 Nam
965 3730 1035 3793 haec
1051 3730 1161 3795 omnia
1174 3750 1252 3794 con·

303 3831 461 3914 tempsisti
485 3841 521 3893 ut
543 3840 692 3907 stercora,
707 3838 745 3892 ut
764 3831 865 3892 solum
880 3830 1064 3896 lucrifacias
1079 3832 1255 3909 Christum,

302 3932 358 4016 qui
388 3931 448 3994 tibi
477 3954 542 3995 non
573 3944 813 3994 momentaneos
842 3942 875 3993 et
902 3931 1077 3996 inhonoros
1106 3934 1254 4009 honores,

303 4055 384 4118 quos
420 4034 566 4118 preciosa
601 4043 787 4116 paupertate
803 4034 965 4111 mutasti,
993 4035 1159 4108 restituet;
1194 4033 1253 4097 sed

300 4150 436 4200 aetemos
457 4137 489 4199 in
511 4136 615 4208 coelis,
631 4135 686 4217 qui
709 4134 935 4217 imperatorum
952 4155 1123 4218 purpuram
1139 4133 1253 4217 majes-

301 4247 365 4300 tate
380 4236 624 4317 incomparabili
641 4236 843 4298 antecedaut.
889 4234 973 4298 Illuc
985 4236 1133 4318 voluptas
1147 4236 1255 4300 mollis

302 4349 334 4399 ct
349 4339 544 4400 ellaeminata
564 4356 630 4398 non
651 4335 786 4398 habebit
806 4356 984 4414 accessum,
1000 4337 1057 4401 ubi
1078 4358 1205 4402 carnem
1219 4338 1254 4402 in

302 4438 432 4500 veritate
470 4449 591 4500 naturae
620 4448 859 4518 permanentem
898 4438 1071 4521 spiritualis
1106 4438 1255 4522 implebit

302 4538 401 4621 vigor,
416 4550 449 4601 et
469 4537 625 4601 exultatio
646 4538 792 4619 angelica
813 4539 1033 4622 permulcebit.
1079 4539 1131 4603 Ibi
1149 4538 1255 4604 laudis

302 4653 365 4702 tuae
377 4639 623 4724 praeconia,non
640 4637 680 4701 de
695 4636 911 4703 falsidicorum
920 4638 1255 4723 pendebuntarbitrio,

303 4741 360 4804 sed
385 4740 654 4823 magnificentiam
680 4740 831 4804 virtutum
863 4752 986 4805 tuarum
1016 4743 1117 4807 sancti
1147 4744 1254 4827 angeli

304 4842 536 4905 incessabiliter
550 4838 782 4924 praedicabunt.
