3300 6434
351 1221 459 1300 tlon]
733 1240 912 1285 uersante-
1237 1224 1297 1285 tal

350 1401 383 1455 et
404 1413 444 1456 ne
467 1390 544 1477 quid
567 1392 607 1456 de
630 1401 745 1454 coetero
768 1391 892 1454 veritati
919 1391 1115 1454 subtractum
1139 1393 1190 1470 sit,
1213 1392 1300 1475 qnod

349 1492 508 1559 Ecclesiae
522 1492 745 1576 periculosius,
759 1501 792 1554 et
806 1492 868 1553 sibi
889 1491 1099 1574 perniciosius
1123 1502 1183 1568 est,
1197 1495 1301 1570 iilum,

347 1593 441 1679 eujus
455 1595 560 1657 inesse
574 1593 724 1674 gerimus,
735 1593 886 1676 conspuit
897 1592 1070 1656 Christum.
1111 1592 1301 1659 Habeantur

348 1694 419 1759 haeo
434 1716 526 1770 vana,
541 1704 573 1756 et
588 1703 773 1757 contemnat
787 1704 823 1755 ut
840 1694 932 1768 solet,
947 1693 973 1756 si
997 1693 1083 1756 filius
1099 1694 1161 1757 Dei
1184 1693 1300 1757 Eccle-

347 1795 403 1859 siae
418 1815 482 1858 non
498 1793 579 1858 dicit
599 1791 790 1876 pastoribus,
808 1793 875 1861 Qut
888 1813 943 1855 oos
956 1798 1081 1875 spernit
1097 1815 1147 1858 me
1166 1797 1301 1877 spernit,

346 1903 378 1958 et
391 1896 448 1977 qui
459 1897 567 1977 tangit
578 1914 628 1957 vos
638 1897 746 1976 tangit
756 1896 919 1977 pupillam
933 1898 1017 1957 oculi
1031 1899 1101 1960 mei.
1141 1897 1302 1961 Processit

348 1997 478 2061 ulterius
506 1995 690 2061 sollicitudo
719 2009 838 2075 nostra,
868 2009 904 2059 ut
940 2018 997 2080 pro
1030 2020 1110 2080 pace
1140 1998 1299 2062 Ecclesiae

348 2119 490 2162 summus
513 2097 660 2180 pontifex
676 2097 805 2161 devotas
829 2118 941 2181 preces
963 2099 1146 2181 porrigeret,
1162 2099 1298 2162 sednon
1337 2170 1346 2180 ¹

348 2207 398 2262 est
426 2197 614 2262 exauditus:
652 2199 892 2263 exhortationes
921 2197 1078 2275 adhibuit,
1108 2213 1141 2263 et
1168 2199 1299 2263 surdum

346 2300 488 2383 repperit
501 2300 697 2363 auditorem:
720 2301 956 2384 increpationes
967 2300 1095 2385 adjecit,
1107 2311 1300 2384 contemptae

347 2413 440 2465 sunt:
471 2401 598 2465 tandem
620 2402 807 2484 Apostolica
830 2402 908 2465 tuba
930 2398 1195 2467 comminationes
1218 2405 1300 2466 into-

348 2503 428 2574 nuit,
444 2501 500 2565 sed
523 2522 583 2564 nec
606 2502 653 2564 sic
674 2512 848 2585 potuerunt
870 2501 952 2565 fides
974 2513 1007 2566 et
1028 2503 1139 2585 religio
1154 2504 1299 2567 excitari.

348 2602 399 2668 Ne
422 2602 501 2689 quid
521 2614 625 2667 antem
649 2604 867 2667 omitteremus
890 2625 932 2666 ex
956 2605 1227 2686 contingentibus,
1241 2626 1298 2669 rex

348 2704 556 2778 Francorum,
580 2706 633 2789 qui
657 2706 685 2767 ei
712 2716 760 2768 est
785 2705 908 2769 amicus
934 2715 966 2768 et
990 2705 1149 2783 dominus,
1171 2728 1298 2770 omnem

346 2808 493 2872 adhibuit
508 2828 637 2891 operam
660 2819 691 2871 et
711 2806 925 2889 diligentiam
946 2807 1004 2871 sed
1019 2829 1079 2872 nec
1096 2810 1149 2872 ille
1164 2830 1222 2892 pro
1242 2830 1300 2873 sua

347 2910 521 2974 reverentia
536 2911 652 2972 meruit
665 2908 818 2972 exaudiri.
863 2908 914 2972 Ad
936 2911 1130 2994 colloquium
1152 2910 1223 2994 ejus
1244 2932 1299 2974 ao·

349 3010 524 3084 cessimns;
547 3008 604 3071 sed
614 3028 674 3071 nec
686 3008 728 3071 ad
738 3020 946 3092 conspectum
956 3008 1026 3092 ejus
1037 3031 1145 3073 sumus
1157 3010 1299 3089 admissi,

347 3131 408 3172 nec
424 3110 521 3172 vestri
536 3110 677 3172 nominis
691 3123 745 3173 aut
759 3131 865 3174 causae
883 3110 947 3173 Dei
968 3111 1112 3194 permisit
1127 3110 1194 3174 fieri
1210 3133 1298 3175 men·

348 3212 478 3275 tionem.
514 3212 666 3275 Misimus
681 3212 712 3275 ei
726 3224 838 3296 postea
853 3213 984 3276 nuntios
996 3213 1192 3277 venerabiles
1204 3214 1299 3291 viros,

348 3319 380 3374 et
399 3311 524 3375 litteras
547 3322 702 3394 patentes,
719 3322 754 3374 ut
778 3333 837 3395 par
860 3322 939 3389 erat,
953 3313 986 3375 in
1010 3313 1127 3396 quibus
1148 3333 1300 3396 expressa

346 3423 413 3476 crat
423 3422 457 3475 et
464 3413 588 3498 justitia
600 3414 758 3489 ecclcsiae,
770 3426 801 3476 et
815 3426 930 3476 nostrae
946 3414 1109 3495 petitionis
1120 3413 1296 3475 sententia:

347 3514 404 3578 sed
418 3526 528 3578 noster
549 3527 581 3577 et
605 3536 713 3577 eorum
730 3515 830 3590 labor,
846 3523 1000 3597 quantum
1016 3513 1049 3573 in
1065 3533 1105 3574 eo
1127 3521 1186 3589 est,
1201 3512 1299 3575 cessit

344 3617 514 3678 incassum.
559 3614 694 3698 Sequuti
720 3635 845 3677 eramus
870 3614 966 3677 fidem
997 3612 1134 3677 dominae
1160 3614 1297 3697 impera·

345 3715 444 3793 tricis,
459 3715 543 3777 sicut
557 3725 591 3777 tu
606 3714 701 3790 nosti,
716 3713 834 3796 etipse
850 3715 995 3796 ignorare
1009 3736 1073 3777 non
1096 3713 1208 3780 debet:
1239 3715 1298 3780 sed

346 3835 407 3878 nos
430 3834 662 3898 usquequaque
683 3810 809 3879 delusit.
854 3815 939 3887 Quia
961 3835 1037 3896 ergo
1051 3814 1121 3879 haec
1144 3817 1299 3900 patientia

344 3927 453 3978 nostra
467 3915 626 3979 Ecclesia
651 3916 713 3978 Dei
728 3915 912 3999 perniciosa
935 3925 993 3994 est,
1008 3915 1065 3979 sed
1089 3918 1299 4000 perniciosior

343 4017 390 4079 illi
407 4016 501 4101 cujus
518 4018 692 4082 novissima
714 4018 796 4082 fiunt
820 4018 926 4082 indies
949 4018 1106 4082 deteriora
1127 4019 1297 4101 prioribus,

345 4119 440 4182 nobis
473 4130 577 4184 autem
617 4120 896 4203 perniciosissima,
926 4140 1006 4202 quos
1035 4119 1195 4201 oportebit
1224 4129 1297 4182 ante

345 4220 483 4284 tribunal
501 4222 617 4304 Sponsi
636 4242 700 4284 non
723 4221 820 4283 modo
844 4221 884 4283 de
906 4220 1057 4302 operibus
1078 4218 1225 4302 propriis,
1240 4217 1297 4282 sed

344 4331 376 4383 et
388 4318 427 4382 de
440 4322 592 4400 sangiune
604 4322 684 4405 ejus,
694 4330 727 4383 et
737 4319 910 4383 afflictione
921 4339 1048 4402 sponsae
1058 4317 1191 4383 reddere
1203 4320 1297 4383 ratio-

346 4441 438 4483 nem:
469 4441 528 4503 pro
550 4431 637 4484 certo
660 4420 797 4496 noveris,
819 4430 853 4481 et
874 4418 1012 4483 dominae
1034 4420 1226 4501 imperatrici
1249 4420 1296 4482 in·

348 4524 450 4598 times,
463 4521 551 4605 quod
564 4521 599 4585 in
614 4542 783 4605 personam
797 4521 866 4605 ejus
881 4533 913 4584 et
935 4533 1050 4585 terram
1064 4523 1097 4585 in
1120 4523 1218 4601 brevi,
1233 4522 1298 4585 imo

345 4624 380 4685 in
403 4622 598 4699 brevissimo,
622 4624 686 4687 vita
707 4623 836 4700 comite,
858 4633 889 4685 et
912 4622 1053 4686 Domino
1079 4634 1218 4702 auctore,
1242 4646 1299 4709 ⁰¹.-

346 4744 470 4788 eremus
499 4724 640 4806 gladium
670 4724 807 4807 Spiritus
838 4723 961 4801 Sancti,
990 4725 1043 4807 qui
1073 4724 1160 4787 omni
1191 4726 1299 4807 gladio

345 4824 480 4908 ancipiti
501 4826 726 4908 penetrabilior
749 4837 810 4900 est,
827 4835 860 4888 ut
882 4826 924 4889 sit
945 4827 977 4889 in
1000 4827 1123 4889 ruinam
1141 4826 1298 4892 indurate

390 4944 462 4990 von.
479 4945 501 4989 1.
815 4946 838 4991 ιι
