3300 6434
351 1253 546 1334 tiss-sa]
750 1229 932 1316 erinaciis·
1243 1248 1302 1307 18³

370 1539 590 1608 EPISTOLA
614 1535 898 1601 CXXXll.-·nn
912 1554 1141 1600 nnsxnunnnir
1157 1553 1276 1597 sirau.

590 1696 729 1759 Domino
744 1698 845 1777 Pupoe
861 1695 1054 1757 Aleoandro.

388 1834 583 1896 Eccnnsiau
597 1829 638 1893 de
656 1828 924 1914 wacheringeriis
940 1826 1098 1893 Ricardus
1117 1825 1157 1889 de
1175 1823 1295 1910 Ambly

345 1933 472 2004 nomine
497 1932 723 1999 monachorum
747 1929 973 2017 quorumdam,
998 1927 1037 1992 de
1064 1950 1201 2014 quorum
1223 1928 1297 2014 jure

346 2060 413 2100 esse
435 2033 644 2121 dignoscitur,
665 2033 776 2100 asserit
801 2056 834 2097 se
857 2032 1035 2119 possidere:
1066 2053 1134 2095 eam
1165 2029 1298 2115 quidam

347 2138 430 2207 Rad.
445 2136 533 2225 apud
553 2133 809 2202 Londoniensem
828 2135 1011 2220 episcopum
1030 2156 1049 2196 a
1069 2132 1210 2219 praefatis
1231 2154 1297 2196 mo-

347 2240 455 2307 nachis
470 2238 600 2324 petivit,
612 2236 752 2304 Ricardo
766 2236 806 2301 de
819 2236 937 2323 Ambly
947 2259 1004 2301 nec
1018 2248 1186 2323 praesente,
1196 2255 1299 2319 neque

345 2342 453 2405 citato.
499 2340 712 2406 Veruntamen
727 2340 909 2425 epiecopus,
924 2338 1005 2405 sicut
1021 2339 1070 2403 sui
1092 2336 1297 2424 postmodum

345 2441 435 2506 nobis
470 2441 573 2508 nuntii
603 2454 871 2518 monstraverunt,
900 2441 1094 2507 confessione
1123 2438 1297 2506 adversari-

345 2567 447 2627 orum,
462 2558 494 2610 et
519 2544 713 2631 quibusdam
730 2557 836 2612 motus
855 2544 1084 2621 instrumentis,
1108 2541 1296 2629 jamdictam

344 2645 517 2726 ecclesiam,
533 2646 712 2711 volentibus
727 2650 773 2714 ita
787 2646 893 2714 forsan
909 2645 1081 2722 monachis,
1099 2644 1180 2711 Rad.
1203 2643 1296 2730 adju·

344 2748 474 2828 dicavit,
496 2747 643 2834 quamvis
664 2748 731 2812 duo
751 2749 857 2813 clerici
884 2747 1010 2813 Ricardi
1032 2749 1073 2813 de
1100 2746 1217 2831 Ambly
1239 2746 1298 2813 ad·

344 2864 457 2931 essent,
472 2871 610 2937 quorum
625 2848 705 2915 alter
721 2874 753 2916 se
767 2864 926 2936 gestorem
942 2854 1143 2936 negotiorum
1165 2848 1297 2913 Ricardi

344 2951 553 3020 asseverabat.
613 2952 717 3018 Ambo
754 2975 829 3016 vero
868 2953 996 3038 publice
1036 2953 1296 3039 protestabantur

348 3052 523 3120 Ricardum
548 3052 710 3120 absentem
738 3066 769 3118 et
796 3056 1010 3123 concitatum
1032 3054 1159 3120 minime
1183 3053 1298 3118 debere

347 3153 569 3223 condemnari:
600 3176 621 3222 a
643 3154 797 3218 sententia
819 3153 918 3238 igitur
932 3153 1053 3218 domini
1070 3152 1300 3218 Londoniensis

346 3252 387 3318 ad
410 3267 551 3324 nostram
572 3255 769 3324 audientiam
793 3257 1006 3342 appellarunt.
1054 3256 1115 3323 Die
1138 3255 1297 3343 praefinito

346 3369 593 3441 comparuerunt
622 3356 777 3424 Ricardus
798 3371 830 3421 et
854 3357 936 3423 Rad.
958 3380 1032 3422 cum
1055 3356 1215 3421 monacbis
1237 3355 1298 3423 sibi

347 3454 535 3524 faventibus.
583 3459 691 3538 Quum
707 3480 783 3548 ergo
798 3482 893 3528 causa
914 3458 970 3524 diu
991 3460 1209 3533 ventilaretur,
1225 3478 1299 3542 pro·

348 3556 422 3626 tulit
437 3570 629 3626 memoratus
643 3557 725 3626 Rnd.
741 3558 807 3626 duo
823 3561 1034 3627 instrumenta
1048 3582 1121 3644 quae
1141 3556 1227 3645 apud
1243 3581 1301 3626 nos

349 3658 483 3724 fecimus
507 3657 654 3738 detineri,
680 3659 831 3744 quonism
858 3658 993 3724 alterum
1018 3662 1098 3727 vitio
1125 3660 1299 3729 manifesta

346 3756 555 3844 turpitudinis
571 3759 740 3844 praeditum
755 3773 814 3837 est,
826 3761 962 3826 alterum
977 3762 1127 3829 salsitatis
1141 3763 1299 3848 arguitur.

347 3859 562 3926 Nihilominus
577 3874 769 3926 memoratus
784 3864 867 3928 de.
883 3865 1046 3949 repetebat
1060 3865 1223 3933 ecclesiam
1238 3864 1298 3931 sibi

345 3961 569 4047 adjudicatam.
617 3965 717 4029 Porro
732 3965 809 4051 quia
824 3966 908 4052 prior
929 3968 1155 4035 monachorum
1176 3968 1297 4046 aberat,

345 4064 461 4149 quide
483 4087 578 4130 causa
599 4088 656 4130 nos
675 4065 861 4152 diligentius
882 4072 1038 4134 instruere
1061 4082 1197 4156 poterat,
1220 4071 1298 4155 quia

344 4166 439 4230 etiam
455 4166 495 4230 de
510 4168 793 4232 instrumentorum
814 4170 949 4233 veritate
969 4170 1093 4253 plenius
1111 4191 1299 4255 cognoscere

347 4268 539 4345 volebamus,
555 4292 650 4333 causa
664 4272 698 4333 in
714 4272 809 4335 alium
827 4271 910 4334 diem
929 4271 1104 4334 differenda
1120 4271 1296 4336 videbatur.

346 4369 452 4452 igitur
475 4371 667 4456 sepedictus
689 4374 729 4434 R.
752 4393 879 4435 causam
902 4371 1122 4457 appellationis
1143 4376 1298 4460 suspendi

347 4490 409 4531 non
432 4469 547 4534 debere
569 4468 720 4554 allegans,
741 4470 782 4536 ad
803 4472 984 4557 apostolicae
1004 4474 1087 4538 sedis
1104 4475 1297 4542 audientiam

346 4570 528 4656 appellavit,
556 4571 641 4636 diem
672 4572 838 4657 praefigens
867 4574 1075 4652 Dominicam‚
1103 4601 1169 4663 qua
1193 4592 1299 4643 canta-

347 4670 445 4754 bitur,
464 4676 589 4740 Laeture
604 4676 797 4741 Jerusalem.
