3300 6434
377 1186 436 1245 roz
634 1199 769 1244 rossum
786 1198 1066 1244 saansaaamnsrs
1230 1182 1274 1263 [a.
1293 1199 1324 1249 o.

475 1348 536 1400 Non
549 1353 590 1401 est
602 1350 628 1400 in
642 1347 747 1400 Medico
759 1364 860 1419 semper
872 1347 999 1400 relevetur
1011 1357 1040 1400 ut
1052 1366 1133 1416 eger:

473 1432 608 1485 Interdum
619 1432 696 1484 docta
707 1431 764 1503 plus
777 1430 848 1484 valet
859 1437 915 1484 arte
927 1432 1034 1484 malum.

404 1655 626 1719 EPISTOLA
651 1654 907 1719 CXXXV.-sn
923 1672 1101 1716 eumenen
1120 1672 1284 1716 caratau-

666 1771 802 1816 uansam
818 1771 1017 1816 aerscoeun.

559 1912 703 1977 Gnidonl
719 1912 957 1976 catalaunensi
970 1914 1125 1993 episeopo.

409 2050 560 2113 Gnarus
576 2069 637 2130 ago
652 2046 834 2130 paternitati
851 2054 973 2124 vestrae,
988 2068 1062 2129 qnae
1078 2048 1176 2110 mein
1201 2050 1316 2112 oblatae

364 2152 593 2216 consolationis
607 2150 708 2232 gratia
723 2149 854 2231 dignata
865 2161 914 2211 est
928 2150 1115 2232 praevenire:
1139 2162 1171 2213 et
1186 2150 1315 2233 quidem

363 2258 453 2315 tanto
462 2272 512 2314 me
522 2262 624 2314 vestra
633 2249 813 2329 benignitas
825 2247 865 2310 ad
876 2248 1068 2329 obsequium
1078 2269 1170 2311 suum
1179 2250 1315 2333 amplius

362 2353 525 2432 animavit,
540 2363 659 2437 quanto
677 2350 852 2414 liberalitas
867 2361 969 2414 vestra
986 2371 1052 2412 non
1069 2350 1164 2415 modo
1179 2374 1221 2415 ex
1235 2353 1314 2414 rela-

363 2455 449 2517 tione
472 2454 566 2517 amici
581 2453 675 2516 vestri
691 2452 815 2514 abbatis
831 2451 934 2514 sancti
949 2452 1100 2534 Remigii,
1116 2474 1224 2515 verum
1244 2454 1315 2537 ipsa

362 2555 468 2639 operis
490 2553 688 2617 exhibitione
713 2551 841 2616 fidelius
863 2552 1044 2617 innotescit.
1086 2555 1183 2617 Esset
1206 2567 1313 2618 autem

360 2654 521 2720 laudabile
535 2654 622 2739 apud
637 2654 794 2732 homines,
806 2663 840 2717 et
854 2654 960 2735 magni
976 2656 1078 2718 meriti
1093 2655 1177 2739 apud
1194 2655 1311 2732 Deum,

360 2755 394 2818 in
404 2756 490 2819 ulnis
501 2753 727 2818 misericordiae
739 2753 918 2818 venientem
934 2751 1082 2837 excipere
1093 2756 1309 2838 peregrinum:

360 2856 418 2921 sed
443 2857 538 2938 longe
563 2854 733 2936 gloriosius
757 2868 790 2917 et
812 2854 1026 2939 proculdubio
1048 2856 1309 2919 remunerabilius

360 2970 410 3023 est
432 2959 573 3035 exulem,
592 2958 657 3020 imo
679 2977 738 3039 pro
763 2958 917 3031 Domino,
938 2970 971 3020 et
992 2954 1138 3022 libertate
1162 2959 1308 3022 ecclesie

358 3061 544 3125 exulantem
567 3058 609 3122 ad
632 3059 788 3122 bonorum
811 3058 1013 3142 participium
1035 3060 1178 3124 invitare.
1222 3060 1308 3132 Quid

286 3193 288 3197 ⁴
358 3183 435 3242 ergo
451 3159 492 3224 ad
507 3160 577 3223 haec
593 3159 794 3243 respondebo
810 3158 942 3222 domino
956 3158 1051 3223 meo?
1079 3158 1144 3223 Sed
1165 3160 1307 3242 prolecto

356 3261 481 3329 caritati
496 3270 607 3324 vestrae
623 3258 831 3343 respondebit
845 3260 1038 3337 Altissimus,
1055 3261 1191 3345 quinon
1209 3260 1306 3322 modo

355 3385 454 3449 opera
473 3383 633 3440 mannum,
650 3361 707 3424 sed
728 3361 817 3424 uberi
836 3361 1041 3425 retributione
1060 3363 1094 3425 in
1110 3362 1221 3424 electis
1238 3363 1305 3423 suis

354 3467 473 3530 bonam
487 3474 667 3530 remunerat
681 3463 887 3527 voluntatem.
928 3465 972 3541 Is,
987 3463 1185 3527 serenissime
1200 3474 1302 3546 pater,

351 3564 380 3629 ia
401 3587 497 3652 super
517 3586 575 3629 vos
596 3564 717 3650 aperiet
740 3565 852 3628 oculos
878 3564 1102 3628 misericordiae
1126 3585 1203 3639 suae,
1227 3564 1303 3647 quia

351 3687 407 3729 vos
425 3667 459 3728 in
475 3688 526 3729 me
543 3682 670 3750 apertos
685 3667 797 3729 oculos
813 3665 980 3729 habuistis.
1017 3666 1090 3747 Ego
1104 3688 1189 3741 vero,
1206 3688 1302 3749 quam

351 3768 417 3830 cito
432 3779 544 3849 potero
564 3768 721 3851 expediri,
736 3768 859 3831 veniam
877 3766 920 3831 ad
935 3790 991 3832 vos
1011 3769 1165 3849 gaudens,
1180 3771 1206 3833 si
1221 3770 1299 3832 mihi

350 3887 500 3952 umquam
521 3865 673 3929 divinitus
692 3867 843 3930 collatum
866 3867 970 3945 luerit,
989 3877 1023 3929 ut
1045 3880 1157 3932 vestrae
1179 3871 1298 3933 valeam

350 3968 482 4053 obsequi
499 3967 662 4030 voluntati.

389 4242 610 4310 EPISTOLA
633 4242 963 4305 CXXXV1.-enrnr
978 4258 1119 4304 maaria
1136 4259 1251 4303 ssucrr

538 4360 675 4406 aemon
690 4360 811 4406 aaasm
827 4360 945 4405 sanari
960 4362 1100 4406 anuum.

385 4502 573 4563 Ammonem
600 4493 697 4557 fidem
720 4494 871 4556 articulus
897 4491 1097 4559 necessitatis
1121 4496 1294 4567 examinat,

342 4618 374 4669 et
384 4622 449 4686 qua
458 4597 594 4683 quisque
607 4595 818 4659 moveaturad
830 4595 925 4657 alium
938 4598 1109 4661 affectione
1122 4598 1292 4660 convincit.

342 4704 446 4770 Nobis
453 4698 632 4781 autem‚qui
638 4697 832 4781 jampridem
844 4708 943 4759 totum
954 4700 1095 4762 animum
1108 4698 1293 4761 devovimus

339 4802 493 4884 obsequio
510 4806 622 4876 vestro,
645 4799 859 4881 devotumque
884 4798 1025 4862 Domino
1041 4812 1169 4863 auctore
1191 4800 1293 4861 invio·
