3300 6434
418 1244 458 1301 74
678 1256 815 1301 mamus
831 1255 1108 1301 ssaasnamasus
1275 1238 1321 1316 [Δ.
1338 1256 1369 1301 o.

417 1403 535 1491 requiri
550 1413 676 1491 oportet
690 1430 732 1469 ex
747 1428 801 1469 ore
816 1428 943 1469 eorum:
969 1404 1117 1470 custodes
1129 1407 1212 1468 enim
1229 1407 1369 1471 scientia}

418 1519 501 1585 sunt,
516 1518 548 1570 et
564 1508 754 1571 auctoritate
778 1529 844 1593 qua
867 1506 1086 1589 praeeminent,
1101 1519 1245 1591 possunt,
1260 1521 1293 1573 et
1316 1509 1370 1571 de-

417 1607 504 1687 bent,
535 1623 571 1673 ut
600 1608 632 1671 in
663 1630 696 1671 se
724 1623 915 1672 concurrant
945 1607 1070 1693 populi,
1100 1607 1266 1692 imperare.
1318 1610 1369 1673 Te

416 1707 541 1771 interim
559 1709 669 1772 domui
685 1723 750 1773 tuoe
765 1705 940 1795 composita
955 1731 1032 1791 pace
1052 1707 1213 1792 quiescere
1235 1710 1369 1774 arbitra-

417 1808 485 1883 bar,
500 1808 648 1893 ignorans
668 1831 707 1871 an
731 1822 763 1872 te
777 1810 906 1873 visurus
928 1822 1009 1874 esset
1032 1806 1147 1894 aliquis
1172 1832 1293 1885 eorum,
1309 1811 1367 1895 qui

419 1910 664 1995 egrediebantur
678 1933 696 1973 a
709 1909 827 1974 finibus
838 1911 955 1975 nostris
996 1911 1078 1973 Nam
1092 1932 1190 1995 quum
1203 1910 1244 1974 de
1255 1914 1369 1976 vestris

416 2011 544 2096 plurimi
567 2025 777 2089 revertantur,
792 2034 885 2075 nemo
908 2025 1025 2097 praeter
1048 2011 1246 2075 Willelmum
1268 2013 1367 2077 medi-

418 2134 489 2175 cum
507 2112 583 2177 milri
600 2130 664 2179 tuae
680 2112 881 2176 salutationis
896 2112 1071 2198 alloquium
1089 2113 1271 2197 reportavit.
1315 2112 1368 2175 Vi-

417 2212 492 2277 disti
514 2227 618 2279 tamen
635 2214 786 2277 dedomo
807 2226 840 2278 et
863 2234 973 2276 mensa
992 2212 1113 2276 domini
1132 2213 1194 2275 mei
1216 2212 1369 2298 plurimos

299 2335 304 2344 ·
417 2315 596 2378 redeuntes.
639 2318 690 2379 Tu
710 2313 842 2400 quidem
865 2315 934 2378 haec
955 2314 1069 2392 fecisti,
1084 2327 1116 2377 et
1140 2314 1238 2379 tacui:
1268 2319 1367 2379 immo

419 2429 455 2480 tu
482 2414 619 2490 tacuisti,
645 2427 676 2479 et
702 2438 762 2500 ego
791 2415 940 2479 conticui.
988 2414 1113 2498 Negare
1138 2437 1199 2478 non
1227 2439 1367 2501 possum,

417 2520 497 2602 quin
512 2514 659 2599 pluribus
674 2515 910 2580 transeuntibus
921 2536 1050 2600 operam
1061 2516 1215 2593 dederim,
1228 2539 1366 2601 quorum

417 2614 597 2691 nonnullos,
618 2627 655 2678 ut
677 2615 737 2679 tibi
758 2616 790 2677 in
811 2636 888 2677 aure
908 2613 1033 2699 loquar,
1049 2636 1122 2678 cum
1142 2614 1257 2678 litteris
1272 2615 1312 2677 ad
1336 2628 1368 2679 te

418 2714 613 2801 perferendis
641 2714 794 2780 libentius
822 2715 1022 2792 dimisissem,
1048 2738 1143 2801 quam
1172 2739 1245 2779 cum
1271 2717 1368 2779 variis

418 2816 619 2900 portionibus
644 2815 847 2901 supellectilis
872 2838 963 2893 meae,
990 2839 1054 2903 qua
1083 2840 1133 2881 me
1163 2815 1366 2880 militantium

419 2918 550 2983 nudavit
572 2919 768 3004 improbitas.
813 2921 980 2983 Postremo
1001 2920 1115 3003 genius
1136 2918 1226 2996 mihi,
1251 2932 1284 2983 nt
1311 2919 1368 2999 ais,

418 3020 523 3084 fuerat
539 3020 788 3100 defraudandus,
803 3035 835 3086 et
855 3021 1047 3085 somniorum
1071 3020 1250 3101 dulcedine,
1264 3038 1297 3085 et
1320 3045 1370 3085 so-

418 3122 638 3185 lemnitatibus
654 3123 830 3208 epularum.
877 3122 971 3187 Nosti
987 3123 1145 3209 siquidem
1168 3123 1243 3207 qnia
1258 3122 1366 3207 volup

419 3223 495 3286 tatis
517 3236 688 3287 amatorem
711 3223 790 3287 nihil
811 3223 900 3287 aliud
923 3223 1099 3308 impedivit.
1146 3224 1229 3285 Nam
1247 3222 1367 3286 domini

419 3323 478 3387 mei
491 3322 726 3409 amicorumque
736 3323 874 3408 negotia,
887 3324 941 3387 sed
957 3344 1133 3386 neccaram
1147 3323 1192 3386 rei
1204 3319 1367 3385 familiaris

417 3424 565 3489 attendis.
598 3427 704 3503 Quum
719 3424 830 3511 itaque
843 3425 1056 3489 innocentiam
1071 3446 1185 3502 meam,
1199 3422 1368 3508 superbiae,

417 3525 630 3611 negligentia,
645 3540 678 3590 et
694 3525 868 3612 voluptatis
882 3539 957 3590 nota
971 3524 1135 3603 inusseris,
1151 3524 1219 3587 haec
1233 3526 1266 3587 in
1287 3523 1368 3609 epis-

418 3625 492 3706 tola,
508 3628 598 3713 quasi
614 3639 778 3691 conterens
792 3627 881 3691 velut
899 3627 1020 3690 varium
1044 3625 1207 3712 pulverem
1224 3624 1367 3710 pigmen-

418 3729 535 3789 tarium
550 3730 714 3806 miscuisti,
727 3740 759 3793 et
771 3729 849 3812 quia
863 3742 1011 3814 poterant
1026 3749 1219 3791 amarescere
1232 3726 1368 3808 singula,

418 3849 511 3890 aures
532 3829 609 3891 mihi
631 3841 704 3892 ante
725 3828 922 3915 dulciloquio
945 3828 1158 3914 perfricuisti3
1190 3852 1229 3892 ne
1251 3825 1367 3891 intelli·

417 3945 490 4007 gam
514 3924 592 4009 quid
608 3925 757 4011 loquaris.
801 3929 848 3991 Et
862 3926 1003 3989 caritatis
1022 3928 1082 3989 hoc
1097 3928 1170 4008 igne
1185 3925 1367 4012 concoquis,

418 4041 455 4090 ut
479 4027 624 4091 universa
647 4029 815 4113 propinata
838 4027 1034 4091 dulcescant.
1081 4028 1154 4092 Fiat
1177 4051 1254 4111 ergo
1280 4026 1366 4112 quod

418 4126 474 4202 vis,
491 4128 569 4192 cedo
586 4130 708 4213 majori,
725 4144 757 4194 et
771 4127 879 4191 omnia
893 4127 974 4190 bene
988 4138 1020 4190 et
1036 4126 1134 4190 amice
1149 4126 1352 4211 interpretor.

505 4384 727 4449 EPISTOLA
752 4388 931 4450 LX[.-ao
947 4401 1065 4447 assant
1081 4398 1274 4445 nanmcuu.

663 4508 803 4571 Domino
818 4509 901 4589 Regi
916 4507 1106 4586 Anglorum.

462 4639 692 4702 Marasrarau
713 4638 833 4722 regiam
852 4637 1042 4721 excogitatis
1065 4636 1293 4700 circumvenire
1308 4636 1366 4700 sal-

419 4736 516 4814 laciis,
527 4740 679 4824 sacrilegii
689 4740 789 4803 instar
797 4752 857 4813 est,
869 4737 1042 4822 praesertim
1052 4737 1108 4799 ubi
1117 4737 1365 4822 indignationem

419 4837 583 4921 potestatis
598 4839 750 4902 adversus
770 4837 979 4902 innocentiam
995 4852 1144 4922 procurat
1166 4838 1267 4911 dolus,
1284 4849 1315 4898 et
1334 4838 1366 4895 in
