<?xml version="1.0" encoding="UTF-8"?>
<!DOCTYPE html PUBLIC "-//W3C//DTD XHTML 1.0 Transitional//EN"
    "http://www.w3.org/TR/xhtml1/DTD/xhtml1-transitional.dtd">
<html xmlns="http://www.w3.org/1999/xhtml" xml:lang="en" lang="en">
 <head>
  <title>
</title>
<meta http-equiv="Content-Type" content="text/html;charset=utf-8" />
  <meta name='ocr-system' content='tesseract 3.04.00' />
  <meta name='ocr-capabilities' content='ocr_page ocr_carea ocr_par ocr_line ocrx_word'/>
</head>
<body>
  <div class='ocr_page' id='page_1' title='image "./joannissaresber14johngoog_0068.png"; bbox 0 0 3300 6434; ppageno 0'>
   <div class='ocr_carea' id='block_1_1' title="bbox 432 1209 1385 1290">
    <p class='ocr_par' dir='ltr' id='par_1_1' title="bbox 432 1209 1385 1290">
     <span class='ocr_line' id='line_1_1' title="bbox 432 1209 1385 1290; baseline 0.002 -20"><span class='ocrx_word' id='word_1_1' title='bbox 432 1212 472 1272; x_wconf 83' lang='grc'><strong>48</strong></span> <span class='ocrx_word' id='word_1_2' title='bbox 686 1227 822 1272; x_wconf 75' lang='lat' dir='ltr'><strong>scaurus</strong></span> <span class='ocrx_word' id='word_1_3' title='bbox 839 1224 1117 1271; x_wconf 75' lang='lat' dir='ltr'><strong>saansanrnausrs</strong></span> <span class='ocrx_word' id='word_1_4' title='bbox 1290 1209 1337 1290; x_wconf 78' lang='lat' dir='ltr'><strong>[A.</strong></span> <span class='ocrx_word' id='word_1_5' title='bbox 1354 1228 1385 1272; x_wconf 89' lang='lat' dir='ltr'><strong>n.</strong></span> 
     </span>
    </p>
   </div>
   <div class='ocr_carea' id='block_1_2' title="bbox 352 1376 1478 3187">
    <p class='ocr_par' dir='ltr' id='par_1_2' title="bbox 352 1376 1478 3187">
     <span class='ocr_line' id='line_1_2' title="bbox 430 1376 1385 1465; baseline 0.001 -22"><span class='ocrx_word' id='word_1_6' title='bbox 430 1379 533 1465; x_wconf 88' lang='lat' dir='ltr'><strong>specie</strong></span> <span class='ocrx_word' id='word_1_7' title='bbox 548 1376 675 1442; x_wconf 89' lang='lat' dir='ltr'><strong>videtur</strong></span> <span class='ocrx_word' id='word_1_8' title='bbox 690 1377 812 1443; x_wconf 87' lang='lat' dir='ltr'><strong>induta.</strong></span> <span class='ocrx_word' id='word_1_9' title='bbox 859 1378 1019 1441; x_wconf 76' lang='lat' dir='ltr'><strong>caeterum</strong></span> <span class='ocrx_word' id='word_1_10' title='bbox 1039 1397 1139 1462; x_wconf 90' lang='lat' dir='ltr'><strong>quum</strong></span> <span class='ocrx_word' id='word_1_11' title='bbox 1157 1399 1198 1440; x_wconf 88' lang='lat' dir='ltr'><strong>ex</strong></span> <span class='ocrx_word' id='word_1_12' title='bbox 1210 1391 1282 1463; x_wconf 88' lang='lat' dir='ltr'><strong>post</strong></span> <span class='ocrx_word' id='word_1_13' title='bbox 1298 1378 1385 1445; x_wconf 86' lang='lat' dir='ltr'><strong>lacto</strong></span> 
     </span>
     <span class='ocr_line' id='line_1_3' title="bbox 428 1475 1384 1565; baseline -0.002 -21"><span class='ocrx_word' id='word_1_14' title='bbox 428 1478 574 1545; x_wconf 89' lang='lat' dir='ltr'><strong>diuturni</strong></span> <span class='ocrx_word' id='word_1_15' title='bbox 588 1477 704 1543; x_wconf 87' lang='lat' dir='ltr'><strong>silentii</strong></span> <span class='ocrx_word' id='word_1_16' title='bbox 726 1500 822 1543; x_wconf 88' lang='lat' dir='ltr'><strong>causa</strong></span> <span class='ocrx_word' id='word_1_17' title='bbox 844 1476 936 1541; x_wconf 92' lang='lat' dir='ltr'><strong>nobis</strong></span> <span class='ocrx_word' id='word_1_18' title='bbox 954 1475 1106 1556; x_wconf 90' lang='lat' dir='ltr'><strong>innotuit,</strong></span> <span class='ocrx_word' id='word_1_19' title='bbox 1119 1498 1179 1562; x_wconf 91' lang='lat' dir='ltr'><strong>pro</strong></span> <span class='ocrx_word' id='word_1_20' title='bbox 1200 1490 1288 1544; x_wconf 89' lang='lat' dir='ltr'><strong>certo</strong></span> <span class='ocrx_word' id='word_1_21' title='bbox 1310 1502 1384 1565; x_wconf 89' lang='lat' dir='ltr'><strong>cog-</strong></span> 
     </span>
     <span class='ocr_line' id='line_1_4' title="bbox 428 1576 1382 1664; baseline -0.001 -19"><span class='ocrx_word' id='word_1_22' title='bbox 428 1581 572 1645; x_wconf 76' lang='lat' dir='ltr'><strong>novimus</strong></span> <span class='ocrx_word' id='word_1_23' title='bbox 586 1602 648 1644; x_wconf 92' lang='lat' dir='ltr'><strong>non</strong></span> <span class='ocrx_word' id='word_1_24' title='bbox 660 1594 726 1645; x_wconf 92' lang='lat' dir='ltr'><strong>tam</strong></span> <span class='ocrx_word' id='word_1_25' title='bbox 737 1580 883 1644; x_wconf 82' lang='lat' dir='ltr'><strong>dilationi</strong></span> <span class='ocrx_word' id='word_1_26' title='bbox 895 1578 1018 1642; x_wconf 88' lang='lat' dir='ltr'><strong>veniam</strong></span> <span class='ocrx_word' id='word_1_27' title='bbox 1031 1576 1272 1661; x_wconf 88' lang='lat' dir='ltr'><strong>indulgendam,</strong></span> <span class='ocrx_word' id='word_1_28' title='bbox 1283 1602 1382 1664; x_wconf 92' lang='lat' dir='ltr'><strong>quarn</strong></span> 
     </span>
     <span class='ocr_line' id='line_1_5' title="bbox 426 1680 1380 1766; baseline -0.002 -19"><span class='ocrx_word' id='word_1_29' title='bbox 426 1681 597 1757; x_wconf 83' lang='lat' dir='ltr'><strong>dilectioni,</strong></span> <span class='ocrx_word' id='word_1_30' title='bbox 613 1695 645 1747; x_wconf 92' lang='lat' dir='ltr'><strong>et</strong></span> <span class='ocrx_word' id='word_1_31' title='bbox 661 1680 878 1760; x_wconf 76' lang='lat' dir='ltr'><strong>sollicitudini,</strong></span> <span class='ocrx_word' id='word_1_32' title='bbox 893 1700 989 1765; x_wconf 91' lang='lat' dir='ltr'><strong>super</strong></span> <span class='ocrx_word' id='word_1_33' title='bbox 1003 1702 1079 1745; x_wconf 88' lang='lat' dir='ltr'><strong>sano</strong></span> <span class='ocrx_word' id='word_1_34' title='bbox 1099 1680 1230 1745; x_wconf 88' lang='lat' dir='ltr'><strong>consilio</strong></span> <span class='ocrx_word' id='word_1_35' title='bbox 1243 1680 1380 1766; x_wconf 84' lang='lat' dir='ltr'><strong>gratiam</strong></span> 
     </span>
     <span class='ocr_line' id='line_1_6' title="bbox 425 1778 1478 1868; baseline 0.002 -22"><span class='ocrx_word' id='word_1_36' title='bbox 425 1781 632 1847; x_wconf 84' lang='lat' dir='ltr'><strong>referendam.</strong></span> <span class='ocrx_word' id='word_1_37' title='bbox 679 1782 781 1845; x_wconf 92' lang='lat' dir='ltr'><strong>Nemo</strong></span> <span class='ocrx_word' id='word_1_38' title='bbox 804 1782 831 1844; x_wconf 89' lang='lat' dir='ltr'><strong>si</strong></span> <span class='ocrx_word' id='word_1_39' title='bbox 851 1778 981 1866; x_wconf 87' lang='lat' dir='ltr'><strong>quidem</strong></span> <span class='ocrx_word' id='word_1_40' title='bbox 1002 1779 1138 1845; x_wconf 81' lang='lat' dir='ltr'><strong>fratrum</strong></span> <span class='ocrx_word' id='word_1_41' title='bbox 1157 1794 1215 1846; x_wconf 89' lang='lat' dir='ltr'><strong>aut</strong></span> <span class='ocrx_word' id='word_1_42' title='bbox 1235 1779 1379 1847; x_wconf 88' lang='lat' dir='ltr'><strong>fidelium</strong></span> <span class='ocrx_word' id='word_1_43' title='bbox 1469 1847 1478 1868; x_wconf 23' lang='grc' dir='ltr'><strong><em>ἦ</em></strong></span> 
     </span>
     <span class='ocr_line' id='line_1_7' title="bbox 424 1881 1378 1968; baseline 0.002 -22"><span class='ocrx_word' id='word_1_44' title='bbox 424 1893 616 1961; x_wconf 88' lang='lat' dir='ltr'><strong>nostrorum,</strong></span> <span class='ocrx_word' id='word_1_45' title='bbox 635 1883 692 1968; x_wconf 91' lang='lat' dir='ltr'><strong>qui</strong></span> <span class='ocrx_word' id='word_1_46' title='bbox 715 1881 797 1946; x_wconf 89' lang='lat' dir='ltr'><strong>circa</strong></span> <span class='ocrx_word' id='word_1_47' title='bbox 820 1904 877 1945; x_wconf 88' lang='lat' dir='ltr'><strong>vos</strong></span> <span class='ocrx_word' id='word_1_48' title='bbox 899 1894 985 1959; x_wconf 89' lang='lat' dir='ltr'><strong>sunt,</strong></span> <span class='ocrx_word' id='word_1_49' title='bbox 1005 1895 1125 1948; x_wconf 83' lang='lat' dir='ltr'><strong>tantam</strong></span> <span class='ocrx_word' id='word_1_50' title='bbox 1149 1883 1248 1948; x_wconf 88' lang='lat' dir='ltr'><strong>nostri</strong></span> <span class='ocrx_word' id='word_1_51' title='bbox 1270 1906 1378 1948; x_wconf 89' lang='lat' dir='ltr'><strong>curam</strong></span> 
     </span>
     <span class='ocr_line' id='line_1_8' title="bbox 423 1982 1378 2071; baseline 0.003 -24"><span class='ocrx_word' id='word_1_52' title='bbox 423 1982 540 2048; x_wconf 90' lang='lat' dir='ltr'><strong>habere</strong></span> <span class='ocrx_word' id='word_1_53' title='bbox 555 1984 641 2048; x_wconf 87' lang='lat' dir='ltr'><strong>visus</strong></span> <span class='ocrx_word' id='word_1_54' title='bbox 654 1997 714 2060; x_wconf 89' lang='lat' dir='ltr'><strong>est,</strong></span> <span class='ocrx_word' id='word_1_55' title='bbox 731 1997 767 2047; x_wconf 93' lang='lat' dir='ltr'><strong>ut</strong></span> <span class='ocrx_word' id='word_1_56' title='bbox 782 2004 891 2046; x_wconf 91' lang='lat' dir='ltr'><strong>eorum</strong></span> <span class='ocrx_word' id='word_1_57' title='bbox 908 2004 982 2068; x_wconf 83' lang='lat' dir='ltr'><strong>quae</strong></span> <span class='ocrx_word' id='word_1_58' title='bbox 996 1982 1079 2048; x_wconf 89' lang='lat' dir='ltr'><strong>circa</strong></span> <span class='ocrx_word' id='word_1_59' title='bbox 1090 1982 1253 2048; x_wconf 91' lang='lat' dir='ltr'><strong>dominum</strong></span> <span class='ocrx_word' id='word_1_60' title='bbox 1271 2007 1378 2071; x_wconf 90' lang='lat' dir='ltr'><strong>regem</strong></span> 
     </span>
     <span class='ocr_line' id='line_1_9' title="bbox 352 2084 1379 2172; baseline 0.001 -22"><span class='ocrx_word' id='word_1_61' title='bbox 352 2086 364 2098; x_wconf 84' lang='lat'>&#39;</span> <span class='ocrx_word' id='word_1_62' title='bbox 421 2084 514 2163; x_wconf 85' lang='lat' dir='ltr'><strong>finnt,</strong></span> <span class='ocrx_word' id='word_1_63' title='bbox 530 2107 587 2150; x_wconf 90' lang='lat' dir='ltr'><strong>nos</strong></span> <span class='ocrx_word' id='word_1_64' title='bbox 608 2098 710 2151; x_wconf 89' lang='lat' dir='ltr'><strong>certos</strong></span> <span class='ocrx_word' id='word_1_65' title='bbox 732 2086 862 2163; x_wconf 87' lang='lat' dir='ltr'><strong>faceret,</strong></span> <span class='ocrx_word' id='word_1_66' title='bbox 879 2097 936 2148; x_wconf 89' lang='lat' dir='ltr'><strong>aut</strong></span> <span class='ocrx_word' id='word_1_67' title='bbox 960 2086 1088 2168; x_wconf 86' lang='lat' dir='ltr'><strong>ignaros</strong></span> <span class='ocrx_word' id='word_1_68' title='bbox 1110 2099 1279 2151; x_wconf 85' lang='lat' dir='ltr'><strong>eventuum</strong></span> <span class='ocrx_word' id='word_1_69' title='bbox 1300 2110 1379 2172; x_wconf 80' lang='lat' dir='ltr'><strong>prae-</strong></span> 
     </span>
     <span class='ocr_line' id='line_1_10' title="bbox 422 2185 1376 2272; baseline 0.001 -20"><span class='ocrx_word' id='word_1_70' title='bbox 422 2187 570 2252; x_wconf 85' lang='lat' dir='ltr'><strong>muniret.</strong></span> <span class='ocrx_word' id='word_1_71' title='bbox 625 2187 721 2254; x_wconf 89' lang='lat' dir='ltr'><strong>Unde</strong></span> <span class='ocrx_word' id='word_1_72' title='bbox 750 2200 781 2252; x_wconf 93' lang='lat' dir='ltr'><strong>et</strong></span> <span class='ocrx_word' id='word_1_73' title='bbox 812 2187 904 2251; x_wconf 87' lang='lat' dir='ltr'><strong>vobis</strong></span> <span class='ocrx_word' id='word_1_74' title='bbox 934 2208 992 2250; x_wconf 88' lang='lat' dir='ltr'><strong>nos</strong></span> <span class='ocrx_word' id='word_1_75' title='bbox 1020 2185 1206 2272; x_wconf 89' lang='lat' dir='ltr'><strong>ampliorem</strong></span> <span class='ocrx_word' id='word_1_76' title='bbox 1237 2187 1376 2259; x_wconf 84' lang='lat' dir='ltr'><strong>latemur</strong></span> 
     </span>
     <span class='ocr_line' id='line_1_11' title="bbox 421 2287 1376 2375; baseline 0.003 -23"><span class='ocrx_word' id='word_1_77' title='bbox 421 2287 556 2373; x_wconf 81' lang='lat' dir='ltr'><strong>gratiam</strong></span> <span class='ocrx_word' id='word_1_78' title='bbox 577 2288 704 2365; x_wconf 91' lang='lat' dir='ltr'><strong>debere,</strong></span> <span class='ocrx_word' id='word_1_79' title='bbox 720 2288 775 2375; x_wconf 89' lang='lat' dir='ltr'><strong>qui</strong></span> <span class='ocrx_word' id='word_1_80' title='bbox 794 2290 869 2353; x_wconf 91' lang='lat' dir='ltr'><strong>licet</strong></span> <span class='ocrx_word' id='word_1_81' title='bbox 892 2289 967 2373; x_wconf 92' lang='lat' dir='ltr'><strong>plus</strong></span> <span class='ocrx_word' id='word_1_82' title='bbox 989 2311 1085 2374; x_wconf 91' lang='lat' dir='ltr'><strong>quam</strong></span> <span class='ocrx_word' id='word_1_83' title='bbox 1110 2288 1263 2353; x_wconf 90' lang='lat' dir='ltr'><strong>vellemus</strong></span> <span class='ocrx_word' id='word_1_84' title='bbox 1281 2290 1376 2355; x_wconf 88' lang='lat' dir='ltr'><strong>silue·</strong></span> 
     </span>
     <span class='ocr_line' id='line_1_12' title="bbox 421 2389 1374 2476; baseline 0.003 -23"><span class='ocrx_word' id='word_1_85' title='bbox 421 2389 503 2471; x_wconf 89' lang='lat' dir='ltr'><strong>ritis,</strong></span> <span class='ocrx_word' id='word_1_86' title='bbox 518 2389 722 2476; x_wconf 91' lang='lat' dir='ltr'><strong>postmodum</strong></span> <span class='ocrx_word' id='word_1_87' title='bbox 745 2401 849 2453; x_wconf 89' lang='lat' dir='ltr'><strong>tamen</strong></span> <span class='ocrx_word' id='word_1_88' title='bbox 871 2389 1099 2455; x_wconf 83' lang='lat' dir='ltr'><strong>taciturnitatis</strong></span> <span class='ocrx_word' id='word_1_89' title='bbox 1119 2413 1238 2454; x_wconf 90' lang='lat' dir='ltr'><strong>moram</strong></span> <span class='ocrx_word' id='word_1_90' title='bbox 1259 2391 1374 2456; x_wconf 83' lang='lat' dir='ltr'><strong>discre-</strong></span> 
     </span>
     <span class='ocr_line' id='line_1_13' title="bbox 421 2489 1374 2578; baseline 0.002 -22"><span class='ocrx_word' id='word_1_91' title='bbox 421 2489 506 2556; x_wconf 88' lang='lat' dir='ltr'><strong>tione</strong></span> <span class='ocrx_word' id='word_1_92' title='bbox 517 2490 651 2576; x_wconf 89' lang='lat' dir='ltr'><strong>provida</strong></span> <span class='ocrx_word' id='word_1_93' title='bbox 665 2491 900 2576; x_wconf 73' lang='lat' dir='ltr'><strong>compensantia.</strong></span> <span class='ocrx_word' id='word_1_94' title='bbox 933 2493 978 2557; x_wconf 83' lang='lat' dir='ltr'><strong>Et</strong></span> <span class='ocrx_word' id='word_1_95' title='bbox 990 2495 1068 2578; x_wconf 89' lang='lat' dir='ltr'><strong>quia</strong></span> <span class='ocrx_word' id='word_1_96' title='bbox 1081 2491 1236 2558; x_wconf 85' lang='lat' dir='ltr'><strong>articulus</strong></span> <span class='ocrx_word' id='word_1_97' title='bbox 1246 2495 1374 2577; x_wconf 87' lang='lat' dir='ltr'><strong>gravior</strong></span> 
     </span>
     <span class='ocr_line' id='line_1_14' title="bbox 420 2591 1373 2665; baseline 0.002 -9"><span class='ocrx_word' id='word_1_98' title='bbox 420 2591 549 2658; x_wconf 87' lang='lat' dir='ltr'><strong>videtur</strong></span> <span class='ocrx_word' id='word_1_99' title='bbox 563 2592 720 2665; x_wconf 84' lang='lat' dir='ltr'><strong>incidisse,</strong></span> <span class='ocrx_word' id='word_1_100' title='bbox 735 2615 792 2656; x_wconf 85' lang='lat' dir='ltr'><strong>ros</strong></span> <span class='ocrx_word' id='word_1_101' title='bbox 807 2593 890 2656; x_wconf 89' lang='lat' dir='ltr'><strong>sicut</strong></span> <span class='ocrx_word' id='word_1_102' title='bbox 904 2593 1035 2658; x_wconf 87' lang='lat' dir='ltr'><strong>fratrem</strong></span> <span class='ocrx_word' id='word_1_103' title='bbox 1050 2606 1083 2659; x_wconf 93' lang='lat' dir='ltr'><strong>et</strong></span> <span class='ocrx_word' id='word_1_104' title='bbox 1098 2593 1233 2658; x_wconf 88' lang='lat' dir='ltr'><strong>amicum</strong></span> <span class='ocrx_word' id='word_1_105' title='bbox 1251 2596 1373 2661; x_wconf 87' lang='lat' dir='ltr'><strong>carissi-</strong></span> 
     </span>
     <span class='ocr_line' id='line_1_15' title="bbox 420 2694 1374 2784; baseline 0.003 -26"><span class='ocrx_word' id='word_1_106' title='bbox 420 2716 508 2759; x_wconf 91' lang='lat' dir='ltr'><strong>mum</strong></span> <span class='ocrx_word' id='word_1_107' title='bbox 524 2716 673 2780; x_wconf 82' lang='lat' dir='ltr'><strong>rogamus</strong></span> <span class='ocrx_word' id='word_1_108' title='bbox 684 2694 849 2775; x_wconf 83' lang='lat' dir='ltr'><strong>attentius,</strong></span> <span class='ocrx_word' id='word_1_109' title='bbox 871 2708 907 2759; x_wconf 91' lang='lat' dir='ltr'><strong>ut</strong></span> <span class='ocrx_word' id='word_1_110' title='bbox 923 2717 980 2759; x_wconf 91' lang='lat' dir='ltr'><strong>nos</strong></span> <span class='ocrx_word' id='word_1_111' title='bbox 994 2696 1026 2759; x_wconf 89' lang='lat' dir='ltr'><strong>io</strong></span> <span class='ocrx_word' id='word_1_112' title='bbox 1043 2696 1176 2779; x_wconf 86' lang='lat' dir='ltr'><strong>singulis</strong></span> <span class='ocrx_word' id='word_1_113' title='bbox 1192 2719 1265 2783; x_wconf 89' lang='lat' dir='ltr'><strong>quae</strong></span> <span class='ocrx_word' id='word_1_114' title='bbox 1278 2721 1374 2784; x_wconf 80' lang='lat' dir='ltr'><strong>expe-</strong></span> 
     </span>
     <span class='ocr_line' id='line_1_16' title="bbox 419 2795 1373 2886; baseline 0.001 -23"><span class='ocrx_word' id='word_1_115' title='bbox 419 2796 489 2863; x_wconf 92' lang='lat' dir='ltr'><strong>dire</strong></span> <span class='ocrx_word' id='word_1_116' title='bbox 503 2796 654 2862; x_wconf 85' lang='lat' dir='ltr'><strong>noveritis</strong></span> <span class='ocrx_word' id='word_1_117' title='bbox 667 2796 900 2884; x_wconf 79' lang='lat' dir='ltr'><strong>praemuniatis,</strong></span> <span class='ocrx_word' id='word_1_118' title='bbox 914 2796 992 2883; x_wconf 89' lang='lat' dir='ltr'><strong>quia</strong></span> <span class='ocrx_word' id='word_1_119' title='bbox 1007 2795 1136 2862; x_wconf 91' lang='lat' dir='ltr'><strong>consilio</strong></span> <span class='ocrx_word' id='word_1_120' title='bbox 1155 2811 1259 2863; x_wconf 87' lang='lat' dir='ltr'><strong>vestro</strong></span> <span class='ocrx_word' id='word_1_121' title='bbox 1274 2799 1373 2886; x_wconf 91' lang='lat' dir='ltr'><strong>pluri-</strong></span> 
     </span>
     <span class='ocr_line' id='line_1_17' title="bbox 419 2897 1371 2986; baseline 0.002 -23"><span class='ocrx_word' id='word_1_122' title='bbox 419 2921 507 2965; x_wconf 90' lang='lat' dir='ltr'><strong>mum</strong></span> <span class='ocrx_word' id='word_1_123' title='bbox 538 2898 740 2986; x_wconf 88' lang='lat' dir='ltr'><strong>adquiescere</strong></span> <span class='ocrx_word' id='word_1_124' title='bbox 768 2898 962 2985; x_wconf 91' lang='lat' dir='ltr'><strong>jampridem</strong></span> <span class='ocrx_word' id='word_1_125' title='bbox 993 2897 1199 2965; x_wconf 86' lang='lat' dir='ltr'><strong>decrevimus.</strong></span> <span class='ocrx_word' id='word_1_126' title='bbox 1245 2902 1290 2965; x_wconf 89' lang='lat' dir='ltr'><strong>Et</strong></span> <span class='ocrx_word' id='word_1_127' title='bbox 1319 2901 1371 2965; x_wconf 89' lang='lat' dir='ltr'><strong>hic</strong></span> 
     </span>
     <span class='ocr_line' id='line_1_18' title="bbox 418 2999 1371 3088; baseline 0.003 -23"><span class='ocrx_word' id='word_1_128' title='bbox 418 2999 533 3065; x_wconf 87' lang='lat' dir='ltr'><strong>modus</strong></span> <span class='ocrx_word' id='word_1_129' title='bbox 541 3014 672 3086; x_wconf 88' lang='lat' dir='ltr'><strong>est‚quo</strong></span> <span class='ocrx_word' id='word_1_130' title='bbox 682 3013 819 3064; x_wconf 85' lang='lat' dir='ltr'><strong>vestram</strong></span> <span class='ocrx_word' id='word_1_131' title='bbox 828 3000 1001 3064; x_wconf 85' lang='lat' dir='ltr'><strong>absentiam</strong></span> <span class='ocrx_word' id='word_1_132' title='bbox 1014 3000 1104 3064; x_wconf 89' lang='lat' dir='ltr'><strong>nobis</strong></span> <span class='ocrx_word' id='word_1_133' title='bbox 1113 3001 1216 3065; x_wconf 86' lang='lat' dir='ltr'><strong>lacere</strong></span> <span class='ocrx_word' id='word_1_134' title='bbox 1225 3003 1371 3088; x_wconf 91' lang='lat' dir='ltr'><strong>poteritis</strong></span> 
     </span>
     <span class='ocr_line' id='line_1_19' title="bbox 417 3100 1368 3187; baseline 0.002 -21"><span class='ocrx_word' id='word_1_135' title='bbox 417 3101 628 3182; x_wconf 78' lang='lat' dir='ltr'><strong>fructuosam,</strong></span> <span class='ocrx_word' id='word_1_136' title='bbox 651 3102 677 3165; x_wconf 90' lang='lat' dir='ltr'><strong>si</strong></span> <span class='ocrx_word' id='word_1_137' title='bbox 706 3125 780 3187; x_wconf 80' lang='lat' dir='ltr'><strong>quae</strong></span> <span class='ocrx_word' id='word_1_138' title='bbox 808 3100 947 3165; x_wconf 76' lang='lat' dir='ltr'><strong>ecclesiae</strong></span> <span class='ocrx_word' id='word_1_139' title='bbox 975 3119 1093 3168; x_wconf 80' lang='lat' dir='ltr'><strong>nostrae</strong></span> <span class='ocrx_word' id='word_1_140' title='bbox 1125 3100 1265 3167; x_wconf 88' lang='lat' dir='ltr'><strong>salubria</strong></span> <span class='ocrx_word' id='word_1_141' title='bbox 1294 3118 1368 3168; x_wconf 91' lang='lat' dir='ltr'><strong>sunt</strong></span> 
     </span>
    </p>
   </div>
   <div class='ocr_carea' id='block_1_3' title="bbox 416 3203 965 3291">
    <p class='ocr_par' dir='ltr' id='par_1_3' title="bbox 416 3203 965 3291">
     <span class='ocr_line' id='line_1_20' title="bbox 416 3203 965 3291; baseline 0 -21"><span class='ocrx_word' id='word_1_142' title='bbox 416 3203 604 3270; x_wconf 84' lang='lat' dir='ltr'><strong>studueritis</strong></span> <span class='ocrx_word' id='word_1_143' title='bbox 618 3226 798 3291; x_wconf 89' lang='lat' dir='ltr'><strong>procurare.</strong></span> <span class='ocrx_word' id='word_1_144' title='bbox 843 3204 965 3270; x_wconf 91' lang='lat' dir='ltr'><strong>Valete.</strong></span> 
     </span>
    </p>
   </div>
   <div class='ocr_carea' id='block_1_4' title="bbox 684 3449 1095 3516">
    <p class='ocr_par' dir='ltr' id='par_1_4' title="bbox 684 3449 1095 3516">
     <span class='ocr_line' id='line_1_21' title="bbox 684 3449 1095 3516; baseline 0.005 -3"><span class='ocrx_word' id='word_1_145' title='bbox 684 3450 924 3516; x_wconf 85' lang='lat' dir='ltr'>EPISTOLA</span> <span class='ocrx_word' id='word_1_146' title='bbox 944 3449 1095 3516; x_wconf 92' lang='lat' dir='ltr'><strong>XLVll.</strong></span> 
     </span>
    </p>
   </div>
   <div class='ocr_carea' id='block_1_5' title="bbox 409 3593 1368 4898">
    <p class='ocr_par' dir='ltr' id='par_1_5' title="bbox 409 3593 1368 4898">
     <span class='ocr_line' id='line_1_22' title="bbox 457 3593 1366 3681; baseline -0.004 -21"><span class='ocrx_word' id='word_1_147' title='bbox 457 3596 667 3660; x_wconf 79' lang='lat' dir='ltr'><strong>Sosonmrrns</strong></span> <span class='ocrx_word' id='word_1_148' title='bbox 690 3593 812 3659; x_wconf 88' lang='lat' dir='ltr'><strong>litteras</strong></span> <span class='ocrx_word' id='word_1_149' title='bbox 835 3594 955 3661; x_wconf 90' lang='lat' dir='ltr'><strong>domini</strong></span> <span class='ocrx_word' id='word_1_150' title='bbox 973 3595 1066 3681; x_wconf 87' lang='lat' dir='ltr'><strong>regis,</strong></span> <span class='ocrx_word' id='word_1_151' title='bbox 1082 3593 1201 3680; x_wconf 91' lang='lat' dir='ltr'><strong>quibus</strong></span> <span class='ocrx_word' id='word_1_152' title='bbox 1221 3595 1366 3679; x_wconf 87' lang='lat' dir='ltr'><strong>queritur</strong></span> 
     </span>
     <span class='ocr_line' id='line_1_23' title="bbox 415 3693 1368 3762; baseline 0.001 -3"><span class='ocrx_word' id='word_1_153' title='bbox 415 3695 616 3761; x_wconf 90' lang='lat' dir='ltr'><strong>Willelmum</strong></span> <span class='ocrx_word' id='word_1_154' title='bbox 631 3696 778 3761; x_wconf 89' lang='lat' dir='ltr'><strong>abbatem</strong></span> <span class='ocrx_word' id='word_1_155' title='bbox 794 3708 827 3759; x_wconf 88' lang='lat' dir='ltr'><strong>et</strong></span> <span class='ocrx_word' id='word_1_156' title='bbox 843 3694 1006 3762; x_wconf 88' lang='lat' dir='ltr'><strong>ecclesiam</strong></span> <span class='ocrx_word' id='word_1_157' title='bbox 1028 3717 1115 3761; x_wconf 91' lang='lat' dir='ltr'><strong>suam</strong></span> <span class='ocrx_word' id='word_1_158' title='bbox 1132 3698 1172 3762; x_wconf 91' lang='lat' dir='ltr'><strong>de</strong></span> <span class='ocrx_word' id='word_1_159' title='bbox 1189 3693 1368 3761; x_wconf 87' lang='lat' dir='ltr'><strong>Lislcshula</strong></span> 
     </span>
     <span class='ocr_line' id='line_1_24' title="bbox 414 3794 1366 3885; baseline 0 -23"><span class='ocrx_word' id='word_1_160' title='bbox 414 3821 433 3862; x_wconf 89' lang='lat' dir='ltr'><strong>a</strong></span> <span class='ocrx_word' id='word_1_161' title='bbox 448 3794 539 3861; x_wconf 91' lang='lat' dir='ltr'><strong>nobis</strong></span> <span class='ocrx_word' id='word_1_162' title='bbox 554 3797 635 3860; x_wconf 91' lang='lat' dir='ltr'><strong>male</strong></span> <span class='ocrx_word' id='word_1_163' title='bbox 647 3810 813 3862; x_wconf 87' lang='lat' dir='ltr'><strong>tractatam</strong></span> <span class='ocrx_word' id='word_1_164' title='bbox 825 3821 904 3875; x_wconf 87' lang='lat' dir='ltr'><strong>esse,</strong></span> <span class='ocrx_word' id='word_1_165' title='bbox 915 3812 1039 3885; x_wconf 89' lang='lat' dir='ltr'><strong>petens,</strong></span> <span class='ocrx_word' id='word_1_166' title='bbox 1051 3822 1187 3879; x_wconf 88' lang='lat' dir='ltr'><strong>causam,</strong></span> <span class='ocrx_word' id='word_1_167' title='bbox 1199 3820 1273 3885; x_wconf 82' lang='lat' dir='ltr'><strong>quae</strong></span> <span class='ocrx_word' id='word_1_168' title='bbox 1285 3799 1366 3863; x_wconf 90' lang='lat' dir='ltr'><strong>inter</strong></span> 
     </span>
     <span class='ocr_line' id='line_1_25' title="bbox 414 3896 1366 3983; baseline 0.002 -21"><span class='ocrx_word' id='word_1_169' title='bbox 414 3922 467 3964; x_wconf 85' lang='lat' dir='ltr'><strong>ros</strong></span> <span class='ocrx_word' id='word_1_170' title='bbox 482 3911 513 3964; x_wconf 92' lang='lat' dir='ltr'><strong>et</strong></span> <span class='ocrx_word' id='word_1_171' title='bbox 524 3896 715 3983; x_wconf 87' lang='lat' dir='ltr'><strong>jamdictum</strong></span> <span class='ocrx_word' id='word_1_172' title='bbox 730 3899 877 3964; x_wconf 90' lang='lat' dir='ltr'><strong>abbatem</strong></span> <span class='ocrx_word' id='word_1_173' title='bbox 895 3900 1041 3977; x_wconf 88' lang='lat' dir='ltr'><strong>vertitur,</strong></span> <span class='ocrx_word' id='word_1_174' title='bbox 1058 3925 1077 3963; x_wconf 90' lang='lat' dir='ltr'><strong>a</strong></span> <span class='ocrx_word' id='word_1_175' title='bbox 1092 3902 1183 3965; x_wconf 88' lang='lat' dir='ltr'><strong>nobis</strong></span> <span class='ocrx_word' id='word_1_176' title='bbox 1198 3900 1261 3965; x_wconf 89' lang='lat' dir='ltr'><strong>line</strong></span> <span class='ocrx_word' id='word_1_177' title='bbox 1275 3923 1366 3964; x_wconf 88' lang='lat' dir='ltr'><strong>cano-</strong></span> 
     </span>
     <span class='ocr_line' id='line_1_26' title="bbox 413 3996 1365 4087; baseline 0 -22"><span class='ocrx_word' id='word_1_178' title='bbox 413 4001 484 4065; x_wconf 91' lang='lat' dir='ltr'><strong>nico</strong></span> <span class='ocrx_word' id='word_1_179' title='bbox 495 3996 667 4075; x_wconf 87' lang='lat' dir='ltr'><strong>terminari,</strong></span> <span class='ocrx_word' id='word_1_180' title='bbox 678 4013 710 4064; x_wconf 93' lang='lat' dir='ltr'><strong>et</strong></span> <span class='ocrx_word' id='word_1_181' title='bbox 721 4001 780 4065; x_wconf 90' lang='lat' dir='ltr'><strong>nisi</strong></span> <span class='ocrx_word' id='word_1_182' title='bbox 793 4002 900 4068; x_wconf 89' lang='lat' dir='ltr'><strong>velitis</strong></span> <span class='ocrx_word' id='word_1_183' title='bbox 915 4001 1130 4087; x_wconf 85' lang='lat' dir='ltr'><strong>adquiescere,</strong></span> <span class='ocrx_word' id='word_1_184' title='bbox 1140 4023 1202 4064; x_wconf 90' lang='lat' dir='ltr'><strong>non</strong></span> <span class='ocrx_word' id='word_1_185' title='bbox 1214 4002 1365 4087; x_wconf 89' lang='lat' dir='ltr'><strong>patietur,</strong></span> 
     </span>
     <span class='ocr_line' id='line_1_27' title="bbox 412 4101 1365 4190; baseline -0.001 -23"><span class='ocrx_word' id='word_1_186' title='bbox 412 4104 500 4190; x_wconf 89' lang='lat' dir='ltr'><strong>quod</strong></span> <span class='ocrx_word' id='word_1_187' title='bbox 520 4105 554 4168; x_wconf 93' lang='lat' dir='ltr'><strong>in</strong></span> <span class='ocrx_word' id='word_1_188' title='bbox 571 4102 736 4190; x_wconf 81' lang='lat' dir='ltr'><strong>jamdictae</strong></span> <span class='ocrx_word' id='word_1_189' title='bbox 757 4104 897 4169; x_wconf 83' lang='lat' dir='ltr'><strong>ecclesiae</strong></span> <span class='ocrx_word' id='word_1_190' title='bbox 917 4101 1038 4189; x_wconf 90' lang='lat' dir='ltr'><strong>aliquid</strong></span> <span class='ocrx_word' id='word_1_191' title='bbox 1057 4125 1077 4165; x_wconf 92' lang='lat' dir='ltr'><strong>a</strong></span> <span class='ocrx_word' id='word_1_192' title='bbox 1099 4102 1194 4165; x_wconf 92' lang='lat' dir='ltr'><strong>modo</strong></span> <span class='ocrx_word' id='word_1_193' title='bbox 1212 4101 1365 4167; x_wconf 89' lang='lat' dir='ltr'><strong>habeatis.</strong></span> 
     </span>
     <span class='ocr_line' id='line_1_28' title="bbox 411 4202 1363 4293; baseline -0.005 -22"><span class='ocrx_word' id='word_1_194' title='bbox 411 4209 480 4271; x_wconf 89' lang='lat' dir='ltr'><strong>Nos</strong></span> <span class='ocrx_word' id='word_1_195' title='bbox 488 4218 595 4269; x_wconf 90' lang='lat' dir='ltr'><strong>autem</strong></span> <span class='ocrx_word' id='word_1_196' title='bbox 603 4206 759 4290; x_wconf 89' lang='lat' dir='ltr'><strong>jamdicto</strong></span> <span class='ocrx_word' id='word_1_197' title='bbox 768 4206 876 4271; x_wconf 92' lang='lat' dir='ltr'><strong>abbati</strong></span> <span class='ocrx_word' id='word_1_198' title='bbox 887 4204 1102 4293; x_wconf 86' lang='lat' dir='ltr'><strong>persuasimus</strong></span> <span class='ocrx_word' id='word_1_199' title='bbox 1111 4215 1147 4269; x_wconf 90' lang='lat' dir='ltr'><strong>ut</strong></span> <span class='ocrx_word' id='word_1_200' title='bbox 1159 4202 1363 4288; x_wconf 83' lang='lat' dir='ltr'><strong>appellationi</strong></span> 
     </span>
     <span class='ocr_line' id='line_1_29' title="bbox 409 4304 1364 4388; baseline -0.005 -16"><span class='ocrx_word' id='word_1_201' title='bbox 409 4310 495 4374; x_wconf 91' lang='lat' dir='ltr'><strong>omni</strong></span> <span class='ocrx_word' id='word_1_202' title='bbox 512 4308 682 4388; x_wconf 90' lang='lat' dir='ltr'><strong>renuntiet,</strong></span> <span class='ocrx_word' id='word_1_203' title='bbox 696 4308 722 4371; x_wconf 87' lang='lat' dir='ltr'><strong>si</strong></span> <span class='ocrx_word' id='word_1_204' title='bbox 737 4322 770 4372; x_wconf 94' lang='lat' dir='ltr'><strong>et</strong></span> <span class='ocrx_word' id='word_1_205' title='bbox 785 4331 842 4372; x_wconf 87' lang='lat' dir='ltr'><strong>vos</strong></span> <span class='ocrx_word' id='word_1_206' title='bbox 857 4311 1037 4373; x_wconf 89' lang='lat' dir='ltr'><strong>renuntiare</strong></span> <span class='ocrx_word' id='word_1_207' title='bbox 1055 4304 1228 4385; x_wconf 85' lang='lat' dir='ltr'><strong>volueritis,</strong></span> <span class='ocrx_word' id='word_1_208' title='bbox 1243 4318 1274 4368; x_wconf 93' lang='lat' dir='ltr'><strong>et</strong></span> <span class='ocrx_word' id='word_1_209' title='bbox 1292 4327 1364 4368; x_wconf 93' lang='lat' dir='ltr'><strong>nos·</strong></span> 
     </span>
     <span class='ocr_line' id='line_1_30' title="bbox 411 4406 1365 4495; baseline -0.002 -24"><span class='ocrx_word' id='word_1_210' title='bbox 411 4421 494 4473; x_wconf 89' lang='lat' dir='ltr'><strong>trum</strong></span> <span class='ocrx_word' id='word_1_211' title='bbox 507 4407 793 4494; x_wconf 90' lang='lat' dir='ltr'><strong>subirejudicium,</strong></span> <span class='ocrx_word' id='word_1_212' title='bbox 802 4410 908 4495; x_wconf 86' lang='lat' dir='ltr'><strong>etjam</strong></span> <span class='ocrx_word' id='word_1_213' title='bbox 920 4410 979 4474; x_wconf 90' lang='lat' dir='ltr'><strong>sub</strong></span> <span class='ocrx_word' id='word_1_214' title='bbox 989 4409 1047 4473; x_wconf 90' lang='lat' dir='ltr'><strong>hac</strong></span> <span class='ocrx_word' id='word_1_215' title='bbox 1058 4406 1238 4473; x_wconf 89' lang='lat' dir='ltr'><strong>conditione</strong></span> <span class='ocrx_word' id='word_1_216' title='bbox 1251 4428 1365 4471; x_wconf 91' lang='lat' dir='ltr'><strong>renun-</strong></span> 
     </span>
     <span class='ocr_line' id='line_1_31' title="bbox 410 4507 1362 4596; baseline 0 -25"><span class='ocrx_word' id='word_1_217' title='bbox 410 4509 501 4575; x_wconf 83' lang='lat' dir='ltr'><strong>tiavit</strong></span> <span class='ocrx_word' id='word_1_218' title='bbox 513 4509 719 4596; x_wconf 83' lang='lat' dir='ltr'><strong>appellationi</strong></span> <span class='ocrx_word' id='word_1_219' title='bbox 735 4523 767 4574; x_wconf 95' lang='lat' dir='ltr'><strong>et</strong></span> <span class='ocrx_word' id='word_1_220' title='bbox 782 4509 876 4574; x_wconf 77' lang='lat' dir='ltr'><strong>factae</strong></span> <span class='ocrx_word' id='word_1_221' title='bbox 886 4525 918 4574; x_wconf 94' lang='lat' dir='ltr'><strong>et</strong></span> <span class='ocrx_word' id='word_1_222' title='bbox 934 4510 1096 4575; x_wconf 83' lang='lat' dir='ltr'><strong>laciendae.</strong></span> <span class='ocrx_word' id='word_1_223' title='bbox 1126 4507 1204 4573; x_wconf 91' lang='lat' dir='ltr'><strong>lnde</strong></span> <span class='ocrx_word' id='word_1_224' title='bbox 1215 4523 1263 4572; x_wconf 91' lang='lat' dir='ltr'><strong>est</strong></span> <span class='ocrx_word' id='word_1_225' title='bbox 1275 4507 1362 4593; x_wconf 93' lang='lat' dir='ltr'><strong>quod</strong></span> 
     </span>
     <span class='ocr_line' id='line_1_32' title="bbox 410 4609 1365 4696; baseline 0 -23"><span class='ocrx_word' id='word_1_226' title='bbox 410 4611 511 4688; x_wconf 88' lang='lat' dir='ltr'><strong>vobis,</strong></span> <span class='ocrx_word' id='word_1_227' title='bbox 533 4612 558 4675; x_wconf 90' lang='lat' dir='ltr'><strong>si</strong></span> <span class='ocrx_word' id='word_1_228' title='bbox 582 4610 793 4675; x_wconf 90' lang='lat' dir='ltr'><strong>conditionem</strong></span> <span class='ocrx_word' id='word_1_229' title='bbox 820 4612 902 4675; x_wconf 85' lang='lat' dir='ltr'><strong>hanc</strong></span> <span class='ocrx_word' id='word_1_230' title='bbox 928 4611 1130 4689; x_wconf 89' lang='lat' dir='ltr'><strong>admiseritis,</strong></span> <span class='ocrx_word' id='word_1_231' title='bbox 1153 4610 1238 4674; x_wconf 89' lang='lat' dir='ltr'><strong>diem</strong></span> <span class='ocrx_word' id='word_1_232' title='bbox 1260 4609 1365 4696; x_wconf 84' lang='lat' dir='ltr'><strong>praefi-</strong></span> 
     </span>
     <span class='ocr_line' id='line_1_33' title="bbox 410 4711 1368 4798; baseline 0.001 -24"><span class='ocrx_word' id='word_1_233' title='bbox 410 4711 514 4795; x_wconf 86' lang='lat' dir='ltr'><strong>gimns</strong></span> <span class='ocrx_word' id='word_1_234' title='bbox 535 4713 746 4789; x_wconf 87' lang='lat' dir='ltr'><strong>Dominicam,</strong></span> <span class='ocrx_word' id='word_1_235' title='bbox 765 4734 830 4798; x_wconf 89' lang='lat' dir='ltr'><strong>qua</strong></span> <span class='ocrx_word' id='word_1_236' title='bbox 850 4711 1044 4789; x_wconf 85' lang='lat' dir='ltr'><strong>cantabitur,</strong></span> <span class='ocrx_word' id='word_1_237' title='bbox 1060 4715 1286 4778; x_wconf 76' lang='lat' dir='ltr'><strong>Misericordia</strong></span> <span class='ocrx_word' id='word_1_238' title='bbox 1301 4713 1368 4775; x_wconf 87' lang='lat' dir='ltr'><strong>Do-</strong></span> 
     </span>
     <span class='ocr_line' id='line_1_34' title="bbox 409 4811 1366 4898; baseline 0 -24"><span class='ocrx_word' id='word_1_239' title='bbox 409 4814 510 4876; x_wconf 82' lang='lat' dir='ltr'><strong>mini:</strong></span> <span class='ocrx_word' id='word_1_240' title='bbox 544 4825 576 4876; x_wconf 92' lang='lat' dir='ltr'><strong>et</strong></span> <span class='ocrx_word' id='word_1_241' title='bbox 604 4827 681 4877; x_wconf 93' lang='lat' dir='ltr'><strong>tunc</strong></span> <span class='ocrx_word' id='word_1_242' title='bbox 707 4828 836 4878; x_wconf 89' lang='lat' dir='ltr'><strong>anctore</strong></span> <span class='ocrx_word' id='word_1_243' title='bbox 864 4811 1014 4887; x_wconf 88' lang='lat' dir='ltr'><strong>Domino,</strong></span> <span class='ocrx_word' id='word_1_244' title='bbox 1041 4813 1129 4898; x_wconf 91' lang='lat' dir='ltr'><strong>quod</strong></span> <span class='ocrx_word' id='word_1_245' title='bbox 1158 4817 1189 4878; x_wconf 91' lang='lat' dir='ltr'><strong>in</strong></span> <span class='ocrx_word' id='word_1_246' title='bbox 1217 4813 1366 4878; x_wconf 89' lang='lat' dir='ltr'><strong>abbatem</strong></span> 
     </span>
    </p>
   </div>
   <div class='ocr_carea' id='block_1_6' title="bbox 0 0 1654 6434">
    <p class='ocr_par' dir='ltr' id='par_1_6' title="bbox 0 0 1654 6434">
     <span class='ocr_line' id='line_1_35' title="bbox 0 0 1654 6434; baseline 0 10"><span class='ocrx_word' id='word_1_247' title='bbox 0 0 1654 6434; x_wconf 95' lang='lat' dir='ltr'><strong> </strong></span> 
     </span>
    </p>
   </div>
  </div>
 </body>
</html>
