3300 6434
355 1261 547 1341 1159—64.]
719 1277 896 1322 srrsrosa.
1230 1263 1291 1323 17³

348 1427 428 1493 tium
460 1428 612 1493 Nicolaus
642 1450 662 1490 a
698 1427 870 1492 venerabili
904 1427 1003 1491 fratre
1042 1438 1148 1490 nostro
1187 1427 1293 1492 David

346 1533 533 1595 Meuevensi
554 1529 713 1615 episcopo,
737 1528 1006 1603 archidiaconatu,
1031 1548 1126 1611 quem
1149 1528 1296 1591 canonice

348 1632 497 1710 habebat,
525 1645 635 1696 contra
666 1653 791 1695 omnem
832 1630 1040 1694 reverentiam
1072 1629 1156 1715 juria
1185 1630 1297 1692 absens

345 1733 510 1819 spoliatus,
542 1732 717 1809 inauditus,
744 1755 806 1796 non
837 1746 1023 1808 conventus,
1053 1732 1215 1796 occasione
1245 1731 1297 1796 lit·

345 1846 484 1897 terarum
502 1854 584 1919 quas
607 1833 739 1918 quidam
764 1834 957 1915 Jordannus,
973 1835 1055 1899 forte
1077 1833 1167 1898 vobis
1189 1837 1297 1920 incog-

346 1933 442 2006 nitus,
473 1932 561 1998 falsis
590 1933 748 2019 precibus,
779 1957 841 1998 non
872 1934 937 1998 sine
966 1932 1173 1997 admiratione
1196 1936 1296 2000 totius

348 2034 531 2119 Anglicanae
560 2034 699 2099 ecclesiae
728 2058 748 2098 a
777 2047 882 2098 vestra
910 2033 1076 2099 clementia
1101 2035 1297 2120 impetravit.

347 2136 413 2199 Hic
428 2150 487 2212 est,
510 2148 600 2222 pater
621 2136 756 2222 optime,
770 2136 822 2200 hic
845 2148 893 2199 est
912 2133 967 2198 ille
988 2134 1116 2221 publice
1137 2136 1296 2220 perjurus,

347 2235 508 2300 homicidii
543 2261 582 2300 ex
616 2236 797 2323 precedenti
827 2234 1062 2299 insimulatione
1090 2233 1220 2320 publica
1249 2258 1298 2300 re·

348 2361 474 2425 spersus
495 2338 636 2414 infamia,
651 2360 747 2423 quem
768 2337 810 2401 ob
825 2337 943 2401 crimen
963 2332 1033 2399 falsi
1055 2335 1085 2398 in
1107 2335 1299 2421 Apostolicis

348 2440 492 2527 apicibus
513 2439 681 2515 commissi,
698 2452 823 2504 sanctus
849 2438 994 2502 decessor
1012 2449 1116 2501 vester
1129 2439 1299 2523 Eugenius

347 2543 451 2606 officio
479 2553 511 2606 et
541 2542 695 2607 beneficio
724 2540 936 2605 ecclesiastico
965 2537 1206 2603 condemnavit:
1233 2563 1298 2626 quc

349 2641 402 2706 ille
417 2657 594 2729 prostratus
605 2643 771 2719 sententia,
787 2641 952 2729 exquisitis
963 2641 1143 2724 ignotarum
1154 2641 1297 2724 gentium

347 2743 475 2829 angulis
499 2745 606 2821 latuit,
632 2743 733 2808 donec
753 2742 944 2828 praedictum
969 2754 1092 2826 patrem
1119 2741 1215 2804 rebus
1238 2741 1298 2806 hu-

347 2846 447 2910 manis
458 2845 608 2931 cognovit
617 2857 810 2931 exemptum.
835 2842 1059 2930 supplicamus
1069 2842 1299 2927 itaquemcjes-

348 2950 406 3010 tati
436 2960 559 3021 vestrae,
592 2960 749 3032 quatenus
776 2944 888 3008 latoris
924 2942 1128 3029 praesentium
1158 2942 1300 3030 inspecta

342 3046 508 3130 justitiaet
516 3045 685 3109 miserabili
696 3058 896 3131 paupertate,
907 3042 994 3129 quod
1006 3044 1038 3107 in
1049 3048 1299 3114 eumenormiter

343 3148 463 3212 factum
487 3161 545 3224 est,
568 3146 813 3210 misericorditer
832 3146 1008 3229 corrigatis,
1031 3159 1064 3210 et
1088 3169 1126 3210 eo
1147 3148 1297 3214 restituto

345 3273 470 3314 causam
495 3248 637 3333 jubeatis
659 3271 718 3335 per
748 3247 905 3332 legitimos
936 3246 1077 3313 tramites
1107 3271 1167 3313 suo
1196 3265 1297 3316 marte

344 3350 511 3431 discutere,
532 3351 556 3414 si
580 3363 684 3415 tamen
706 3349 877 3413 decessoris
893 3352 989 3411 vestri
1014 3348 1201 3414 sententiam
1224 3373 1295 3414 era-

345 3453 501 3517 cuandam
531 3475 598 3516 esse
627 3451 806 3525 decernitis
837 3463 869 3513 et
899 3448 1017 3512 bomini
1049 3451 1117 3534 jam
1147 3450 1298 3517 damnato

349 3554 502 3618 actionem
520 3556 628 3640 potius
643 3552 751 3616 deberi
769 3574 864 3637 quam
881 3572 1019 3638 poenam.

504 3860 726 3924 EPlSTOLA
749 3860 973 3923 CXXV.-an
989 3878 1138 3923 nunonis.

589 4008 729 4070 Domino
744 4008 847 4089 Papae
863 4008 1054 4071 Alexandro.

391 4142 493 4218 Quunr
509 4164 618 4206 omnes
633 4141 741 4205 fideles
756 4155 874 4205 sanctoe
890 4145 1043 4205 Romanae
1062 4134 1200 4206 ecclesie
1215 4166 1296 4229 prae,-

346 4241 428 4306 sidio
457 4228 630 4327 grindeant‚
654 4241 695 4304 cd
726 4242 830 4304 sinurn
863 4238 1086 4304 misericordiae
1115 4242 1185 4327 ejus
1213 4243 1297 4308 fidu·

344 4341 454 4405 cislius
477 4344 508 4406 in
532 4342 716 4406 necessitate
743 4339 947 4425 confugiunt,
971 4363 1109 4427 quorum
1132 4342 1297 4412 desideriis

339 4443 468 4528 justitia
494 4448 700 4524 suffragatur,
725 4441 782 4526 qui
808 4454 925 4507 sanctae
951 4443 1194 4508 conversationis
1222 4446 1298 4512 inci·

345 4557 486 4607 lamento
502 4543 634 4606 virtutes
648 4555 837 4627 promovent
852 4543 1077 4629 proximorum.
1122 4548 1215 4611 Tales
1230 4570 1297 4613 esse

342 4645 458 4709 fratres
472 4644 529 4731 qui
544 4642 630 4729 apud
643 4642 929 4707 'l'beochesberiam
943 4647 1082 4708 Domino
1096 4644 1295 4713 devotissime

344 4745 551 4819 famulantur,
580 4742 710 4829 publico
744 4743 953 4828 praeconantis
989 4743 1083 4807 famoe
1117 4746 1296 4813 testimonio

344 4845 523 4909 didicimus.
572 4848 634 4909 Pro
649 4844 694 4907 eis
716 4866 793 4928 ergo
813 4857 877 4909 tam
896 4844 1035 4907 sinceras
1058 4866 1153 4930 quam
1170 4869 1296 4913 securas
