3300 6434
347 1191 408 1252 196
611 1210 748 1253 ioannis
764 1208 1043 1253 sannsnnnmnsrs
1200 1190 1246 1268 [a.
1263 1207 1295 1250 o.

513 1357 539 1408 N
542 1376 574 1410 on
587 1358 635 1409 hoc
647 1359 697 1409 ista
709 1358 759 1409 sibi
772 1364 874 1430 tempus
886 1357 1033 1430 spectacula
1045 1360 1135 1428 poscit.

335 1460 506 1547 ‚Siquidem
531 1482 593 1523 non
620 1474 686 1524 tarn
708 1460 908 1523 devotionem
932 1463 1083 1539 excitant,
1110 1483 1207 1545 quam
1241 1484 1297 1524 cu·

339 1563 522 1627 riositatem.
568 1563 682 1625 Nonne
697 1561 846 1636 recolitis,
861 1563 939 1646 quia
953 1566 986 1626 in
1001 1562 1148 1647 angustia
1170 1562 1294 1648 populi,
1389 1623 1392 1627 .

341 1678 377 1729 ut
394 1663 546 1749 scriptum
563 1676 622 1739 est,
642 1664 735 1727 Inter
751 1665 941 1727 nestibulum
956 1673 988 1727 et
1002 1668 1106 1728 altore
1117 1664 1297 1747 plorabunt

340 1768 515 1833 sacerdotes
548 1778 577 1830 ct
616 1768 767 1841 ministri,
803 1768 965 1831 dicentes:
1000 1769 1112 1847 Parce,
1145 1768 1295 1843 Domine,

337 1892 435 1953 parce
447 1874 564 1953 populo
587 1879 650 1933 tao.
695 1870 920 1943 Eccrcitubar,
943 1872 1049 1955 inquit
1070 1869 1240 1955 propheta,
1263 1880 1295 1934 et

339 1973 498 2054 scopebam
520 1972 673 2054 spiritum
695 1992 809 2045 meum,
825 1974 860 2034 in
885 1974 937 2034 die
956 1970 1175 2034 tribulationis
1189 1971 1295 2035 Deum

340 2073 510 2156 acquirens
529 2075 683 2136 monibus.
729 2075 774 2137 Ut
791 2071 903 2136 doceat
921 2073 998 2157 quia
1018 2071 1183 2156 spirituale
1205 2095 1295 2136 exer-

340 2174 451 2242 citium
482 2190 512 2240 et
545 2175 731 2240 mundatrix
760 2174 916 2240 discussio
945 2174 1146 2240 conscientiae
1176 2176 1292 2239 avertit

294 2299 298 2307 ·
339 2276 513 2361 flagellum,
539 2291 570 2341 et
596 2278 746 2363 impetrat
772 2277 1019 2341 misericordiam
1047 2276 1119 2341 Dei.
1165 2277 1245 2353 Quis
1274 2300 1293 2339 a

338 2379 1290 2464 lectionelegum,autetiamcanonumcompunctussurgit?

339 2478 417 2543 Plus
445 2478 537 2542 dico:
561 2478 711 2542 scholaris
735 2479 921 2544 exercitatio
944 2479 1105 2544 interdum
1129 2480 1291 2545 scientiam

338 2593 433 2664 auget
448 2580 488 2642 ad
506 2591 673 2653 tumorem,
689 2579 744 2643 sed
761 2579 961 2645 devotionem
976 2595 1033 2645 aut
1050 2602 1122 2645 raro
1137 2594 1191 2646 aut
1213 2604 1292 2646 nun-

338 2704 435 2767 quam
458 2680 642 2744 inflammat.
687 2681 818 2745 Mallem
843 2705 900 2747 vos
917 2687 1057 2748 Psalmos
1073 2684 1241 2757 ruminare,
1258 2698 1290 2747 et

336 2782 422 2847 beati
446 2780 595 2864 Gregorii
616 2782 749 2845 morales
771 2782 872 2846 libros
894 2783 1065 2861 revolvere,
1088 2805 1184 2870 quam
1200 2783 1287 2846 scho-

336 2883 449 2948 lastico
465 2906 550 2947 more
562 2883 788 2970 philosophari.
823 2884 966 2971 Expedit
982 2885 1124 2950 conferre
1139 2884 1179 2949 de
1194 2887 1290 2949 mori-

335 2983 398 3049 bus
412 3007 482 3050 cum
499 2984 607 3071 aliquo
622 2986 790 3071 spirituali,
806 2987 898 3071 cujus
907 2985 1053 3072 exemplo
1065 2987 1291 3066 accendamini,

336 3109 432 3173 quam
448 3087 601 3172 inspicere
615 3101 647 3151 et
670 3088 828 3152 discutere
852 3087 1005 3173 litigiosos
1025 3090 1177 3154 articulos
1192 3113 1292 3155 saecn·

335 3188 449 3254 larium
486 3187 658 3252 literarum.
710 3193 811 3253 Novit
849 3192 948 3269 Deus,
978 3213 1044 3274 qua
1078 3204 1196 3269 mente,
1226 3215 1291 3276 qua

334 3290 503 3355 devotione
525 3292 587 3354 ista
608 3312 793 3375 proponam.
841 3290 903 3353 Vos
925 3291 1086 3375 accipietis
1109 3304 1143 3356 ut
1175 3292 1287 3376 placet,

336 3392 369 3456 Si
391 3409 497 3457 autern
521 3392 583 3455 ista
604 3392 752 3468 feceritis,
777 3391 868 3455 vobis
889 3392 950 3455 erit
971 3394 1101 3478 adjutor
1126 3393 1227 3468 Deus,
1253 3408 1289 3458 ut

334 3494 438 3558 timeri
461 3517 523 3558 non
553 3508 698 3580 oporteat
722 3493 801 3578 quid
831 3494 1032 3558 machinetur
1062 3494 1167 3558 homo.
1213 3496 1288 3579 Ipse

332 3595 421 3658 novit
431 3595 518 3679 quod
528 3595 560 3657 in
572 3595 662 3661 nullo
674 3595 797 3659 mortali
808 3595 909 3675 nobis,
920 3609 956 3659 ut
966 3596 1089 3681 opinor,
1097 3594 1286 3681 sperandum

333 3708 381 3759 est
404 3696 436 3757 in
459 3700 608 3780 praesenti
640 3698 798 3780 angustia.
847 3697 965 3761 Audivi
990 3714 1094 3761 tamen
1119 3697 1206 3781 quod
1232 3719 1287 3760 rex

336 3794 478 3858 Franciae
501 3819 558 3880 pro
581 3799 671 3860 vobis
692 3798 907 3863 sollicitaverit
932 3798 1096 3863 dominum
1112 3821 1240 3884 papam,
1257 3811 1288 3861 et

332 3897 627 3961 Pontiniacensibus
643 3901 762 3982 gratias
778 3901 888 3984 egerit.

377 3997 500 4064 Audivi
527 3997 613 4082 quod
646 3997 833 4085 scripseritis
863 3998 1100 4085 archiepiscopo
1126 4002 1287 4074 Remensi,

333 4120 370 4165 ut
385 4124 435 4164 res
450 4114 570 4165 vestras
584 4122 641 4184 per
666 4101 845 4166 Flandriam
869 4100 1006 4165 conduci
1021 4101 1138 4163 faceret
1159 4100 1286 4162 nomine

332 4227 401 4282 suo,
431 4203 522 4288 quasi
545 4227 611 4267 suae
633 4204 755 4267 futurae
778 4217 879 4268 erant.
926 4202 1019 4280 Quod
1044 4206 1070 4266 si
1094 4223 1205 4264 verum
1228 4214 1287 4280 est,

330 4306 427 4370 miror
442 4306 625 4390 plurimum.
651 4310 810 4370 Praeterea
825 4306 954 4382 dicitur,
970 4305 1056 4393 quod
1072 4305 1169 4368 frater
1188 4303 1287 4385 Hugo

329 4407 370 4470 de
400 4421 507 4470 sancto
539 4406 712 4470 Benedicto
735 4406 862 4470 redierit
885 4408 927 4469 ab
950 4407 1075 4491 Anglia,
1098 4419 1129 4470 et
1154 4403 1286 4490 quidam

329 4508 394 4587 alii,
420 4508 577 4592 legatione
610 4508 693 4592 regis
723 4507 821 4571 nostri
853 4507 1021 4590 fungentes
1050 4506 1091 4569 ad
1121 4504 1284 4568 dominnm

329 4633 443 4695 papam
460 4625 492 4676 et
508 4634 613 4695 regern
631 4612 840 4684 Francorum,
857 4610 910 4672 sed
924 4610 1002 4694 quid
1016 4608 1193 4687 attulerint,
1208 4608 1287 4670 scire

330 4712 483 4775 desidero.
529 4712 656 4777 Dicitur
678 4715 772 4776 etiam
803 4711 891 4796 quod
920 4726 1014 4777 terrm
1045 4724 1153 4775 motus
1183 4730 1286 4794 nuper

333 4811 475 4875 fueritin
492 4811 608 4895 Anglia
623 4814 704 4875 circa
730 4810 946 4889 Cantnariam‚
962 4824 994 4875 et
1016 4811 1227 4885 Londoniam‚
1252 4823 1284 4872 et
