3300 6434
444 1238 486 1299 60
702 1247 840 1295 1011111111
855 1248 1133 1294 sannsnniuansis
1296 1233 1340 1312 [11.
1358 1252 1388 1296 1.

442 1399 591 1466 latissime
613 1411 734 1487 patent,
757 1413 790 1464 et
819 1399 913 1485 plane
936 1398 1084 1464 videbitis
1113 1400 1289 1484 petentium
1312 1402 1389 1465 talia

438 1502 649 1589 improbatam
687 1524 753 1566 esse
788 1500 984 1587 petitionem,
1014 1514 1046 1565 et
1076 1521 1187 1564 eorum
1221 1502 1278 1588 qui
1310 1502 1390 1567 tales

437 1603 586 1683 audiunt,
607 1602 774 1666 durissime
794 1602 1000 1686 plectendum
1017 1624 1084 1665 esse
1097 1623 1269 1667 assensum.
1315 1604 1388 1667 Nou

437 1717 485 1770 est
499 1703 629 1768 relictus
643 1703 735 1768 nobis
763 1702 984 1767 dissimulandi
999 1702 1097 1779 locus,
1119 1703 1197 1789 quia
1211 1702 1245 1767 in
1260 1704 1389 1768 oonsilio

438 1804 1389 1889 lateranensi,cuinosetvos,fraterEpisoope‚interfuimus,

438 1906 567 1972 domino
591 1905 778 1970 Innocentio
800 1905 991 1992 praesidente
1005 1905 1198 1986 audivimus,
1211 1919 1287 1970 vota
1302 1906 1389 1984 talia,
1488 1941 1490 1944 ·

440 2007 643 2097 promulgato
658 2029 776 2071 canone
791 2006 1004 2072 condemnari.
1050 2007 1113 2071 Sed
1133 2007 1217 2072 sorte
1231 2009 1319 2094 regia
1333 2031 1390 2072 nos

440 2123 533 2197 urget
547 2108 731 2189 auctoritas,
745 2122 833 2173 recte
852 2108 982 2195 quidem
997 2109 1057 2173 nisi
1074 2108 1197 2174 sciretis
1215 2111 1389 2174 Dominum

437 2211 557 2276 bomini
571 2210 819 2297 preferendum,
835 2210 895 2273 nisi
910 2209 1022 2296 religio
1044 2208 1204 2295 Principis
1218 2211 1318 2297 possit
1332 2210 1390 2275 cir-

442 2311 629 2394 cumveniri,
643 2312 702 2374 nisi
719 2333 777 2396 per
796 2304 1031 2397 subreptionem
1047 2312 1089 2375 ab
1104 2335 1141 2375 eo
1155 2312 1306 2377 nonnulla
1324 2336 1390 2379 esse

438 2425 575 2491 extorta,
595 2414 662 2499 jam
686 2412 827 2476 fuissetis
849 2413 983 2498 experti.
1029 2417 1162 2480 Summa
1176 2437 1253 2499 ergo
1268 2414 1388 2479 consilii

438 2515 540 2580 nostri
561 2514 630 2578 boec
652 2526 710 2590 est,
734 2525 771 2577 nt
796 2512 859 2598 legi
883 2515 1013 2578 Domini
1033 2529 1065 2580 et
1088 2514 1183 2579 sacris
1204 2516 1390 2594 canonibus,

435 2618 533 2705 juxta
546 2614 771 2703 professionem
788 2630 924 2679 vestram
941 2616 1191 2703 obtemperetis:
1214 2628 1245 2679 et
1261 2616 1387 2701 quoties

441 2741 495 2783 vos
509 2722 588 2783 tales
603 2716 761 2803 augustiae
776 2717 960 2802 presserint,
971 2717 1109 2782 incidere
1119 2719 1151 2782 in
1164 2739 1278 2783 manus
1289 2717 1389 2781 homi-

439 2840 529 2899 num,
555 2840 652 2904 quam
679 2818 741 2882 Dei
763 2817 910 2893 viventis,
935 2819 1038 2883 tutius
1048 2819 1210 2904 judicetis.
1255 2817 1318 2882 Sed
1340 2832 1388 2884 est

437 2919 543 2984 forsan
554 2918 639 2984 unde
649 2919 826 2984 merueritis
836 2941 932 3004 super
943 2920 1194 2986 successionibus
1202 2917 1387 3007 hujusmodi

438 3021 557 3100 vexari,
579 3020 721 3106 eoquod
744 3020 776 3084 in
796 3021 944 3086 fraudem
959 3043 1114 3085 mannum
1130 3021 1172 3085 ad
1186 3021 1339 3087 cessiones
1356 3034 1388 3086 et

441 3120 684 3187 substitutiones
698 3120 827 3188 illicitas
840 3122 973 3186 nimium
989 3122 1081 3208 proni
1095 3122 1180 3188 estis.

734 3452 960 3519 EPISTOLA
984 3456 1090 3521 LVII.

443 3590 620 3656 Tneotatdi
633 3588 881 3655 Cantnariemn
892 3590 1125 3675 archiepiscopi
1142 3590 1387 3654 Testamentum.

481 3722 653 3786 Surnnnsss
674 3721 887 3787 deficientium
905 3722 1127 3789 voluntatibus
1148 3746 1243 3790 suum
1265 3746 1386 3788 accom-

438 3819 568 3884 modant
585 3822 661 3905 jura
676 3823 828 3902 favorem,
842 3836 875 3887 et
892 3824 924 3887 in
942 3846 974 3887 se
992 3825 1079 3890 velut
1102 3826 1295 3891 inhumanus
1317 3849 1389 3913 pro-

438 3934 530 3986 vocat
543 3921 622 3985 iram
646 3925 788 4000 Domini,
804 3924 860 4009 qui
882 3923 943 4008 piis
957 3947 1067 3988 eorum
1091 3928 1255 3992 desideriis
1273 3928 1387 3993 obvius

434 4023 632 4088 contradicit.
678 4026 796 4089 Nostra
825 4024 956 4110 quidem
985 4024 1133 4089 voluntas
1164 4040 1223 4104 est,
1251 4041 1283 4092 et
1314 4052 1389 4114 quae

435 4126 574 4191 Domino
595 4123 921 4213 auctore'numquam
946 4126 1138 4203 mutabitur,
1165 4140 1202 4191 ut
1224 4127 1386 4193 residuum

436 4228 593 4293 bonorum
619 4242 798 4293 nostrorum
826 4226 1004 4308 mobilium,
1025 4249 1099 4311 quae
1126 4241 1259 4314 propter
1283 4250 1391 4293 neces·

435 4331 544 4396 sitates
557 4329 761 4406 domesticas,
777 4344 809 4395 et
832 4330 1078 4396 diuturnitatem
1101 4329 1264 4417 languoris
1286 4353 1389 4418 usque

437 4434 477 4499 ad
502 4434 625 4499 exitum
641 4435 717 4497 vitoe
739 4431 892 4497 duximus
914 4435 1140 4514 conservanda,
1156 4434 1189 4498 in
1211 4456 1288 4498 usus
1309 4458 1389 4521 pau·

374 4552 376 4558 ’
438 4558 551 4621 perum
563 4537 691 4599 omnino
702 4534 827 4610 cedant,
840 4535 1013 4601 secundum
1026 4537 1112 4623 quod
1126 4536 1218 4601 nobis
1230 4538 1389 4601 Dominus

438 4636 615 4722 inspiravit,
637 4651 668 4699 et
696 4635 779 4700 sicut
805 4635 952 4700 dedimus
978 4639 1009 4699 in
1036 4637 1195 4701 mandatis
1218 4638 1388 4702 venerabili

439 4738 531 4802 fratri
547 4749 656 4800 nostro
670 4735 815 4799 Waltero
830 4735 972 4799 Roffensi
995 4737 1169 4822 Episcopo,
1184 4750 1217 4802 et
1239 4737 1388 4801 fidelibus

438 4839 565 4916 nostris,
582 4836 731 4922 Philippo
745 4834 931 4901 cancellario
946 4849 1065 4919 nostro,
1078 4839 1231 4924 magistro
1247 4835 1387 4902 Radulfo
