3300 6434
283 1120 292 1139 ⁸
346 1153 455 1228 1166.]
727 1169 906 1214 nrrsrons.
1233 1156 1298 1215 329

366 1427 588 1492 EPISTOLA
611 1426 1174 1491 CLXXXVIII.-anuan1srnuu
1197 1444 1278 1492 oan-

617 1546 759 1593 sarnuu.
793 1531 840 1606 [s.
854 1548 885 1591 n.
906 1528 1014 1609 1166.]

646 1688 809 1769 aniatro
828 1687 1001 1770 Garrsrido.

387 1822 618 1885 Exrscrasau
634 1821 667 1883 in
684 1819 788 1884 reditu
802 1822 913 1886 nuncii
934 1823 996 1885 mei
1012 1822 1053 1887 ad
1075 1824 1245 1887 consilium
1266 1835 1299 1887 et

344 1923 502 1988 auxilium
513 1935 625 1988 contra
639 1924 773 1987 fortuna
789 1923 949 1988 soevieutis
964 1924 1108 2008 injurias,
1122 1926 1297 1990 litterarum

344 2036 467 2089 tuarum
493 2027 606 2090 solatio
631 2026 774 2102 recreari,
797 2026 855 2090 sed
877 2048 941 2109 qun
963 2047 1017 2090 eas
1040 2039 1297 2110 praetermorem

344 2135 444 2205 tuum,
453 2137 486 2192 et
500 2140 612 2192 contra
627 2150 717 2212 spem
730 2150 834 2192 meam
851 2127 1092 2212 dispensatione
1103 2131 1299 2193 subtraxeris

344 2231 460 2309 amico,
474 2230 529 2294 diu
551 2231 693 2293 exulanti
714 2240 747 2293 et
766 2252 809 2293 ex
827 2230 904 2294 fidei
926 2251 1024 2294 causa
1043 2231 1232 2314 proscripto,
1247 2231 1298 2294 in·

345 2341 466 2394 certum
477 2344 533 2394 est.
565 2331 682 2414 Neque
696 2332 782 2393 enim
796 2331 876 2394 mihi
886 2331 979 2395 facile
988 2331 1170 2414 persuaderi
1179 2341 1296 2416 potest,

346 2431 432 2515 quod
459 2433 509 2495 vel
533 2433 690 2496 calamum
717 2454 736 2496 a
760 2433 993 2516 scriptitatione
1017 2434 1222 2510 continueris,
1247 2434 1298 2496 vel

343 2533 529 2597 mandatum
546 2533 668 2597 domini
684 2536 821 2612 abbatis,
840 2534 926 2618 quod
942 2557 984 2599 ex
998 2535 1111 2598 littoris
1125 2535 1194 2620 ejus
1210 2534 1251 2598 ad
1265 2547 1297 2599 te

344 2633 423 2697 mihi
446 2634 596 2712 innotuit,
619 2634 834 2718 suspenderis,
858 2646 893 2698 ut
922 2635 1000 2698 mibi
1031 2634 1298 2714 incommodares,

343 2735 400 2799 sed
422 2757 464 2801 ex
486 2735 680 2801 necessitate
705 2748 739 2800 et
764 2736 1015 2821 dispensatione,
1037 2758 1109 2820 quae
1133 2758 1193 2800 nec
1220 2736 1297 2802 fidei

343 2848 453 2901 notam
481 2840 614 2919 ingerat,
643 2858 705 2901 nee
740 2837 889 2902 amicitiae
924 2838 1112 2902 devenustet
1145 2840 1296 2903 officium.

344 2938 439 3001 Absit
467 2937 552 3001 enim
582 2945 618 2998 ut
647 2937 712 3001 cito
741 2958 908 3020 perperam
940 2937 1075 2999 sentiam
1112 2937 1152 3000 de
1182 2940 1297 3003 amico.

346 3039 457 3110 Unum
471 3048 577 3101 autem
592 3047 653 3110 est,
670 3036 757 3121 qnod
773 3036 870 3100 audio
885 3048 917 3101 te
937 3057 1006 3100 esse
1027 3047 1074 3101 tot
1089 3050 1120 3100 et
1138 3039 1235 3102 tantis
1256 3041 1296 3104 de

345 3161 440 3216 novo,
451 3150 483 3204 et
498 3140 557 3204 tibi
569 3148 602 3203 et
612 3140 674 3204 tuis
690 3140 809 3203 utiliter
820 3139 954 3221 negotiis
969 3139 1217 3224 implicitum,ut
1231 3163 1297 3205 non

344 3244 440 3307 modo
456 3243 567 3307 amicis
583 3243 720 3305 scribere
736 3261 891 3324 nequeas,
905 3240 963 3304 sed
977 3262 1037 3305 nec
1054 3262 1162 3304 eorum
1176 3243 1297 3307 litteras

342 3346 437 3410 facile
458 3346 561 3427 legere
576 3344 627 3408 vel
647 3343 774 3407 audire:
797 3341 883 3405 unde
904 3355 937 3405 et
955 3342 1016 3405 tibi
1033 3341 1162 3425 parcius
1182 3343 1298 3422 scribo,

343 3445 438 3511 etad
461 3468 544 3530 qnae,
564 3445 592 3508 si
614 3453 720 3507 tamen
744 3442 780 3507 id
804 3441 894 3506 cordi
918 3442 1022 3521 luerit,
1041 3443 1163 3526 poteris
1185 3444 1298 3509 leviter

342 3546 543 3630 respondero.
588 3545 684 3608 Licet
700 3555 803 3607 autem
824 3545 956 3607 omuino
971 3543 1077 3622 sileas,
1091 3555 1123 3608 te
1140 3555 1246 3608 tamen
1262 3556 1298 3609 ut

344 3646 459 3712 Cicero
474 3647 507 3709 in
522 3647 671 3728 Epistola
687 3644 729 3709 ad
744 3646 898 3708 Tironem
914 3644 954 3708 de
970 3645 1074 3708 amico
1090 3642 1211 3725 scribit,
1226 3647 1297 3710 ubi-

344 3771 407 3834 que
419 3749 494 3812 etin
507 3748 655 3812 omuibus
666 3747 770 3810 habeo
782 3757 984 3824 excusatum,
993 3767 1117 3828 ponens
1126 3747 1153 3811 si
1166 3750 1296 3833 quando

344 3851 501 3914 destiteris
515 3851 555 3914 ab
572 3848 689 3926 officio,
703 3849 763 3912 tibi
781 3848 1052 3931 opportunitatem
1067 3848 1218 3928 defuisse,
1228 3872 1296 3914 non

343 3953 495 4016 animum.
541 3952 618 4014 Hoc
638 3960 686 4013 est
705 3962 811 4012 autem
831 3948 917 4033 quod
937 3949 1031 4012 facile
1052 3951 1182 4031 poteris,
1197 3971 1297 4034 quum

343 4065 472 4119 auctore
487 4054 630 4117 Domino
651 4051 873 4135 opportunitas
892 4070 958 4113 non
978 4050 1147 4129 negabitur
1164 4052 1294 4116 volenti.

344 4156 456 4220 Saluta
470 4155 600 4218 domum
616 4164 703 4217 tuam
725 4162 833 4216 totam.
879 4151 916 4215 si
936 4150 1100 4235 quaesieris
1118 4152 1196 4216 forte
1217 4154 1297 4237 quid

344 4267 456 4339 agatur
475 4257 509 4317 in
523 4255 671 4331 Francia,
685 4252 811 4316 noveris
832 4251 985 4336 quoniam
1005 4248 1050 4313 ibi
1069 4252 1228 4317 Dominus
1243 4275 1298 4317 co-

342 4360 429 4436 litur,
444 4357 499 4442 qui
519 4377 584 4420 uon
605 4354 646 4419 de
665 4376 748 4417 novo
769 4362 913 4416 mortuus
934 4362 1001 4427 est;
1024 4373 1085 4416 nee
1104 4354 1296 4418 monachum

344 4457 458 4535 induit,
473 4477 534 4520 nec
558 4455 653 4519 bonis
670 4454 736 4517 suis
759 4453 960 4527 renuntiarit,
976 4463 1013 4516 ut
1034 4472 1094 4515 nec
1116 4453 1234 4518 habeat
1256 4454 1297 4519 de

346 4569 461 4622 caetero
473 4557 559 4620 unde
574 4565 685 4638 pascat
701 4555 814 4617 exules
829 4575 912 4616 suos.
945 4552 979 4616 Si
994 4553 1034 4616 de
1047 4575 1108 4632 mc,
1121 4555 1234 4637 paucis
1248 4577 1295 4619 re·

344 4658 499 4745 spondeo,
515 4659 589 4741 quia
603 4668 652 4720 est
665 4658 750 4719 bona
765 4656 916 4719 librorum
933 4655 1074 4719 Domino
1089 4657 1239 4741 propitio,
1251 4670 1282 4725 et

485 4802 590 4813 —-
603 4772 709 4842 prorius
721 4770 804 4839 frugis
816 4771 842 4823 in
856 4786 951 4822 annum
