3300 6434
313 1238 509 1320 risa—64]
696 1256 875 1301 arrsronn.
1198 1240 1257 1300 135

305 1408 416 1473 veliem
434 1410 579 1494 ignarum
597 1407 699 1472 vocari
714 1431 733 1470 a
749 1406 897 1470 Domino.
936 1410 1030 1471 Nunc
1045 1420 1163 1483 autem,
1180 1405 1255 1489 quia

304 1512 332 1575 ei
349 1512 441 1576 aliter
457 1513 559 1575 visum
578 1524 635 1590 est,
651 1524 682 1574 et
705 1532 839 1594 puerum
865 1532 958 1572 suum
984 1508 1254 1573 Bartholomaeum

303 1614 424 1677 consilii
455 1614 503 1677 sui
539 1636 595 1698 per
624 1612 726 1675 muita
756 1610 873 1675 indicia
903 1611 1060 1674 conscium
1097 1610 1252 1686 fecerunt,

303 1714 434 1778 consulo
450 1716 535 1801 quod
552 1718 770 1779 consulueram
787 1727 870 1791 ante,
886 1713 1004 1777 scilicet
1020 1735 1058 1775 ne
1080 1712 1255 1797 praevenias

304 1817 526 1891 invitaturum,
557 1840 595 1881 ue
625 1816 780 1901 despicias
810 1816 1007 1879 invitantem.
1061 1817 1095 1881 Si
1124 1813 1253 1889 dixerit,

303 1918 435 1982 ascende
466 1921 622 2005 superius,
651 1920 837 2004 obtempera
865 1920 1012 2005 jubenti:
1051 1917 1098 1982 sin
1134 1932 1252 1994 autem,

304 2020 380 2084 dum
408 2022 436 2085 ei
460 2023 627 2108 placuerit,
650 2041 800 2108 permane
823 2026 855 2085 in
882 2045 919 2084 ea
942 2022 1103 2085 vocatione
1129 2021 1161 2083 in
1188 2042 1255 2105 qua

304 2137 435 2186 vocatus
453 2147 497 2190 es.
543 2125 624 2187 Nam
645 2123 773 2207 jubenti
797 2122 986 2187 descendere
1008 2123 1255 2207 obtemperabis

305 2224 416 2289 Unum
440 2240 487 2290 est
511 2225 598 2311 quod
624 2226 664 2288 ad
693 2224 912 2289 redimendum
937 2227 1090 2300 favorem,
1106 2225 1131 2287 si
1152 2224 1252 2299 deest,

301 2326 432 2391 consulo
449 2327 566 2392 scilicet
590 2341 623 2391 te
646 2327 751 2404 facias,
768 2348 829 2389 non
857 2341 893 2389 ut
918 2326 1055 2399 simules,
1082 2324 1252 2388 meliorem.

304 2427 401 2502 Quod
418 2428 444 2492 si
458 2428 587 2493 virtutis
602 2428 676 2492 odio
696 2426 855 2514 displices,
871 2450 931 2491 non
956 2429 1048 2493 multi
1066 2428 1162 2490 facias
1188 2426 1253 2511 pla-

302 2554 384 2610 cere,
399 2533 518 2616 quibus
533 2531 601 2617 ipsa
616 2530 773 2617 displicet,
791 2530 851 2595 nisi
866 2531 963 2594 facias
979 2546 1014 2596 ut
1028 2532 1097 2617 ipsa
1114 2529 1253 2616 compla-

302 2648 381 2698 ceat.
429 2636 618 2720 Opportune
640 2648 744 2698 tamen
767 2634 883 2708 omnia,
900 2655 1020 2697 memor
1040 2634 1120 2719 ejus,
1137 2631 1194 2716 qui
1216 2643 1253 2695 ut

302 2758 411 2802 omnes
427 2724 505 2801 lucri
522 2736 650 2812 faceret,
666 2735 813 2799 omnibus
829 2735 934 2798 omnia
950 2735 1054 2798 factus
1073 2748 1131 2798 est.
1179 2732 1250 2796 Non

303 2852 349 2901 est
365 2839 447 2901 enim
464 2860 483 2899 a
503 2837 659 2922 praecipiti
683 2848 715 2900 et
741 2837 881 2922 abrupto
904 2835 1058 2901 initianda
1080 2836 1250 2898 correctio:

302 2938 462 3003 dehortari
478 2954 597 3015 autem,
613 2961 652 3002 ue
668 2939 775 3024 aliqua
790 2962 829 3002 ex
846 2961 939 3003 causa
960 2937 1166 3024 promotionis
1187 2950 1252 3001 tuae

302 3042 479 3126 pactionem
495 3041 592 3119 ineas,
606 3040 800 3127 superfluum
814 3042 887 3117 scio,
905 3043 1053 3129 quoniam
1070 3040 1146 3105 mihi
1159 3052 1254 3105 notus

301 3164 344 3222 es,
360 3164 417 3205 nec
431 3143 472 3206 de
494 3142 750 3207 archidiaconatu
776 3144 807 3206 in
833 3145 932 3209 fitium
959 3144 1121 3228 Hardingi
1147 3141 1254 3207 confe-

303 3242 412 3319 rendo,
428 3249 595 3319 movearis,
610 3246 760 3331 quoniam
782 3267 891 3309 rumor
906 3268 1006 3308 vanus
1020 3258 1078 3323 est,
1093 3242 1151 3331 qui
1173 3243 1254 3305 mul-

303 3361 352 3411 tos
368 3345 558 3433 plerumque
578 3347 738 3413 sollicitat.
782 3348 813 3412 Si
831 3348 959 3436 quidem
980 3362 1150 3433 antequam
1173 3344 1255 3428 epis-

301 3471 401 3534 copus
433 3452 485 3526 sis,
516 3448 634 3512 nullius
663 3452 853 3514 auctoritate
882 3448 934 3511 aiii
964 3449 1110 3512 dabitur:
1150 3468 1253 3532 quum

302 3553 468 3637 episcopus
488 3552 597 3625 fueris,
615 3565 706 3614 tuum
724 3553 785 3615 erit
809 3556 913 3636 ipsum
938 3551 1015 3614 dare
1037 3550 1088 3614 cui
1106 3549 1253 3614 colueris.

302 3653 414 3715 Preces
429 3652 511 3714 forte
533 3652 670 3729 interim,
685 3666 742 3715 aut
765 3665 876 3735 postea
891 3651 1011 3731 audies,
1026 3651 1080 3715 sed
1097 3665 1134 3715 ut
1155 3675 1253 3716 exau-

302 3750 381 3832 dias,
396 3774 436 3814 ex
453 3767 520 3831 tuo,
535 3774 595 3814 non
613 3775 651 3817 ex
669 3752 771 3816 alieno
795 3752 946 3839 pendebit
969 3753 1112 3818 arbitrio.
1158 3755 1252 3828 Quod

302 3853 327 3916 si
353 3853 561 3939 trepidaveris
585 3854 640 3918 ubi
668 3876 729 3917 non
757 3868 804 3919 est
830 3855 937 3930 timor,
959 3854 1136 3942 increpabit
1161 3871 1192 3921 tc
1215 3861 1253 3936 is,

305 3956 407 4042 cujus,
428 3972 557 4019 auctore
583 3955 732 4033 Domino,
754 3956 896 4022 minister
919 3959 1050 4023 futurus
1071 3983 1115 4035 es,
1136 3961 1255 4047 quibus

304 4059 485 4144 increpatus
501 4069 549 4122 est
566 4059 679 4134 verbiS,
695 4060 835 4125 Modicae
848 4062 947 4143 fidei,
963 4083 1064 4143 quare
1080 4064 1255 4126 dubitasti?

306 4160 344 4222 Iu
362 4182 484 4224 summa
501 4158 665 4224 consilium
682 4174 776 4224 tuum
788 4184 828 4224 ex
844 4184 959 4247 magna
974 4175 1064 4246 parte
1077 4163 1109 4223 in
1126 4161 1255 4227 domiuo

303 4260 539 4346 archiepiscopo
554 4275 613 4335 est,
629 4262 681 4324 cui
706 4266 791 4327 Deus
814 4261 905 4326 dedit
926 4263 994 4347 jam
1019 4263 1253 4349 aliquantulum

303 4362 529 4439 convalescere,
546 4379 580 4424 ut
597 4362 653 4425 tibi
674 4363 771 4447 possit
787 4365 960 4428 consulere.
1007 4367 1080 4430 Sinc
1100 4389 1137 4429 eo
1160 4391 1255 4453 super

305 4462 364 4525 hoc
387 4462 465 4525 nihii
488 4462 593 4540 facies,
615 4463 769 4546 quicquid
796 4464 913 4528 faciant
939 4466 995 4529 filii
1024 4466 1135 4543 Belial,
1162 4482 1197 4532 tu
1223 4484 1256 4536 et

304 4561 362 4627 filii
377 4564 464 4650 pacis
479 4563 518 4626 ad
536 4562 618 4626 diem
638 4564 820 4643 vocationis,
832 4565 912 4630 sicut
928 4567 1019 4631 vobis
1033 4573 1255 4656 praescriptum

304 4680 363 4742 est,
387 4664 527 4728 venietis.
572 4667 708 4730 Veniant
731 4681 837 4731 autem
864 4691 937 4732 cum
958 4672 1091 4747 eaeteris,
1111 4688 1167 4738 aut
1187 4697 1255 4761 prae

305 4768 427 4831 caeteris
443 4768 592 4851 magister
617 4771 654 4832 B.
670 4768 755 4833 fitius
785 4770 947 4835 Reinsredi
974 4788 1130 4857 peccator,
1146 4774 1257 4842 frater-

305 4870 397 4934 culus
425 4892 524 4945 meus,
550 4883 582 4934 et
613 4873 809 4958 quicumque
840 4887 1018 4938 nostrorum
1046 4895 1131 4954 sunt,
1158 4880 1257 4946 immo
