<?xml version="1.0" encoding="UTF-8"?>
<!DOCTYPE html PUBLIC "-//W3C//DTD XHTML 1.0 Transitional//EN"
    "http://www.w3.org/TR/xhtml1/DTD/xhtml1-transitional.dtd">
<html xmlns="http://www.w3.org/1999/xhtml" xml:lang="en" lang="en">
 <head>
  <title>
</title>
<meta http-equiv="Content-Type" content="text/html;charset=utf-8" />
  <meta name='ocr-system' content='tesseract 3.04.00' />
  <meta name='ocr-capabilities' content='ocr_page ocr_carea ocr_par ocr_line ocrx_word'/>
</head>
<body>
  <div class='ocr_page' id='page_1' title='image "./joannissaresber14johngoog_0135.png"; bbox 0 0 3300 6434; ppageno 0'>
   <div class='ocr_carea' id='block_1_1' title="bbox 231 1260 908 1341">
    <p class='ocr_par' dir='ltr' id='par_1_1' title="bbox 231 1260 908 1341">
     <span class='ocr_line' id='line_1_1' title="bbox 231 1260 908 1341; baseline -0.009 -15"><span class='ocrx_word' id='word_1_1' title='bbox 231 1260 240 1272; x_wconf 85' lang='lat'><strong><em>‘</em></strong></span> <span class='ocrx_word' id='word_1_2' title='bbox 347 1261 540 1341; x_wconf 71' lang='lat' dir='ltr'>aloe-oa]</span> <span class='ocrx_word' id='word_1_3' title='bbox 730 1278 908 1322; x_wconf 79' lang='lat' dir='ltr'>nrrsroma.</span> 
     </span>
    </p>
   </div>
   <div class='ocr_carea' id='block_1_2' title="bbox 344 1565 1293 1729">
    <p class='ocr_par' dir='ltr' id='par_1_2' title="bbox 344 1565 1293 1729">
     <span class='ocr_line' id='line_1_2' title="bbox 344 1565 1293 1633; baseline 0 -3"><span class='ocrx_word' id='word_1_4' title='bbox 344 1565 567 1633; x_wconf 82' lang='lat' dir='ltr'>EPISTOLA</span> <span class='ocrx_word' id='word_1_5' title='bbox 591 1565 877 1631; x_wconf 76' lang='lat' dir='ltr'>LXXXIIl.-rn</span> <span class='ocrx_word' id='word_1_6' title='bbox 891 1582 1119 1630; x_wconf 74' lang='lat' dir='ltr'>inexsuuauu</span> <span class='ocrx_word' id='word_1_7' title='bbox 1141 1585 1293 1631; x_wconf 76' lang='lat' dir='ltr'>nrncouu.</span> 
     </span>
     <span class='ocr_line' id='line_1_3' title="bbox 718 1684 916 1729; baseline -0.005 -1"><span class='ocrx_word' id='word_1_8' title='bbox 718 1684 916 1729; x_wconf 76' lang='lat' dir='ltr'>ut‘lscot’UM.</span> 
     </span>
    </p>
   </div>
   <div class='ocr_carea' id='block_1_3' title="bbox 520 1801 1117 1881">
    <p class='ocr_par' dir='ltr' id='par_1_3' title="bbox 520 1801 1117 1881">
     <span class='ocr_line' id='line_1_4' title="bbox 520 1801 1117 1881; baseline 0.003 -19"><span class='ocrx_word' id='word_1_9' title='bbox 520 1801 742 1863; x_wconf 79' lang='lat' dir='ltr'>Lincolru&#39;enai</span> <span class='ocrx_word' id='word_1_10' title='bbox 754 1802 902 1881; x_wconf 74' lang='lat' dir='ltr'>episcopo</span> <span class='ocrx_word' id='word_1_11' title='bbox 919 1801 1117 1865; x_wconf 66' lang='lat' dir='ltr'>Alexandra.</span> 
     </span>
    </p>
   </div>
   <div class='ocr_carea' id='block_1_4' title="bbox 343 1933 1296 2219">
    <p class='ocr_par' dir='ltr' id='par_1_4' title="bbox 343 1933 1296 2219">
     <span class='ocr_line' id='line_1_5' title="bbox 386 1933 1295 2020; baseline 0 -22"><span class='ocrx_word' id='word_1_12' title='bbox 386 1936 516 1999; x_wconf 79' lang='lat' dir='ltr'>Torius</span> <span class='ocrx_word' id='word_1_13' title='bbox 541 1933 679 1999; x_wconf 76' lang='lat' dir='ltr'>ecclesia</span> <span class='ocrx_word' id='word_1_14' title='bbox 705 1933 903 2020; x_wconf 81' lang='lat' dir='ltr'>periclitatur</span> <span class='ocrx_word' id='word_1_15' title='bbox 933 1934 1030 2015; x_wconf 86' lang='lat' dir='ltr'>salus,</span> <span class='ocrx_word' id='word_1_16' title='bbox 1055 1936 1080 1999; x_wconf 93' lang='lat' dir='ltr'>si</span> <span class='ocrx_word' id='word_1_17' title='bbox 1116 1937 1295 2019; x_wconf 83' lang='lat' dir='ltr'>remigium,</span> 
     </span>
     <span class='ocr_line' id='line_1_6' title="bbox 343 2034 1294 2120; baseline -0.001 -21"><span class='ocrx_word' id='word_1_18' title='bbox 343 2035 396 2099; x_wconf 90' lang='lat' dir='ltr'>cui</span> <span class='ocrx_word' id='word_1_19' title='bbox 413 2037 530 2099; x_wconf 89' lang='lat' dir='ltr'>Petrus</span> <span class='ocrx_word' id='word_1_20' title='bbox 543 2034 704 2120; x_wconf 69' lang='lat' dir='ltr'>praesidet,</span> <span class='ocrx_word' id='word_1_21' title='bbox 720 2034 869 2099; x_wconf 82' lang='lat' dir='ltr'>uranibus</span> <span class='ocrx_word' id='word_1_22' title='bbox 883 2035 1095 2098; x_wconf 81' lang='lat' dir='ltr'><strong>committitur</strong></span> <span class='ocrx_word' id='word_1_23' title='bbox 1114 2035 1294 2119; x_wconf 84' lang='lat' dir='ltr'>impudicis.</span> 
     </span>
     <span class='ocr_line' id='line_1_7' title="bbox 346 2131 1296 2219; baseline -0.006 -19"><span class='ocrx_word' id='word_1_24' title='bbox 346 2139 468 2201; x_wconf 83' lang='lat' dir='ltr'>Navem</span> <span class='ocrx_word' id='word_1_25' title='bbox 484 2134 649 2219; x_wconf 84' lang='lat' dir='ltr'>piscatoris</span> <span class='ocrx_word' id='word_1_26' title='bbox 668 2132 787 2218; x_wconf 80' lang='lat' dir='ltr'>egregii</span> <span class='ocrx_word' id='word_1_27' title='bbox 807 2131 966 2195; x_wconf 86' lang='lat' dir='ltr'>ecelesiam</span> <span class='ocrx_word' id='word_1_28' title='bbox 988 2154 1054 2195; x_wconf 90' lang='lat' dir='ltr'>esse</span> <span class='ocrx_word' id='word_1_29' title='bbox 1074 2132 1204 2197; x_wconf 90' lang='lat' dir='ltr'>scimus:</span> <span class='ocrx_word' id='word_1_30' title='bbox 1231 2133 1296 2195; x_wconf 89' lang='lat' dir='ltr'>Ro·</span> 
     </span>
    </p>
   </div>
   <div class='ocr_carea' id='block_1_5' title="bbox 342 2232 1353 4327">
    <p class='ocr_par' dir='ltr' id='par_1_5' title="bbox 342 2232 1353 4327">
     <span class='ocr_line' id='line_1_8' title="bbox 346 2232 1297 2320; baseline -0.002 -21"><span class='ocrx_word' id='word_1_31' title='bbox 346 2256 476 2300; x_wconf 89' lang='lat' dir='ltr'>manum</span> <span class='ocrx_word' id='word_1_32' title='bbox 498 2233 679 2320; x_wconf 86' lang='lat' dir='ltr'>pontificem</span> <span class='ocrx_word' id='word_1_33' title='bbox 701 2232 856 2318; x_wconf 85' lang='lat' dir='ltr'>principis</span> <span class='ocrx_word' id='word_1_34' title='bbox 876 2232 1092 2317; x_wconf 89' lang='lat' dir='ltr'>apostolorum</span> <span class='ocrx_word' id='word_1_35' title='bbox 1113 2256 1176 2297; x_wconf 92' lang='lat' dir='ltr'>non</span> <span class='ocrx_word' id='word_1_36' title='bbox 1197 2233 1297 2297; x_wconf 91' lang='lat' dir='ltr'>ambi-</span> 
     </span>
     <span class='ocr_line' id='line_1_9' title="bbox 345 2333 1296 2420; baseline -0.002 -21"><span class='ocrx_word' id='word_1_37' title='bbox 345 2337 450 2420; x_wconf 81' lang='lat' dir='ltr'>gimus</span> <span class='ocrx_word' id='word_1_38' title='bbox 472 2358 538 2399; x_wconf 87' lang='lat' dir='ltr'>esse</span> <span class='ocrx_word' id='word_1_39' title='bbox 561 2334 725 2409; x_wconf 86' lang='lat' dir='ltr'>vicarium,</span> <span class='ocrx_word' id='word_1_40' title='bbox 747 2333 814 2419; x_wconf 89' lang='lat' dir='ltr'>qui,</span> <span class='ocrx_word' id='word_1_41' title='bbox 839 2333 920 2397; x_wconf 86' lang='lat' dir='ltr'>sicut</span> <span class='ocrx_word' id='word_1_42' title='bbox 943 2346 1046 2397; x_wconf 88' lang='lat' dir='ltr'>rector</span> <span class='ocrx_word' id='word_1_43' title='bbox 1065 2337 1155 2397; x_wconf 89' lang='lat' dir='ltr'>clavo</span> <span class='ocrx_word' id='word_1_44' title='bbox 1174 2355 1296 2413; x_wconf 82' lang='lat' dir='ltr'>navem,</span> 
     </span>
     <span class='ocr_line' id='line_1_10' title="bbox 346 2434 1296 2523; baseline -0.003 -22"><span class='ocrx_word' id='word_1_45' title='bbox 346 2438 391 2503; x_wconf 89' lang='lat' dir='ltr'>ita</span> <span class='ocrx_word' id='word_1_46' title='bbox 406 2438 500 2523; x_wconf 85' lang='lat' dir='ltr'>sigilli</span> <span class='ocrx_word' id='word_1_47' title='bbox 517 2437 566 2501; x_wconf 90' lang='lat' dir='ltr'>sui</span> <span class='ocrx_word' id='word_1_48' title='bbox 589 2436 801 2500; x_wconf 85' lang='lat' dir='ltr'>moderamine</span> <span class='ocrx_word' id='word_1_49' title='bbox 822 2434 983 2499; x_wconf 87' lang='lat' dir='ltr'>ecclesiam</span> <span class='ocrx_word' id='word_1_50' title='bbox 1000 2435 1093 2521; x_wconf 89' lang='lat' dir='ltr'>regit,</span> <span class='ocrx_word' id='word_1_51' title='bbox 1107 2434 1249 2521; x_wconf 85' lang='lat' dir='ltr'>corrigit,</span> <span class='ocrx_word' id='word_1_52' title='bbox 1264 2446 1296 2498; x_wconf 90' lang='lat' dir='ltr'>et</span> 
     </span>
     <span class='ocr_line' id='line_1_11' title="bbox 345 2536 1298 2626; baseline -0.003 -23"><span class='ocrx_word' id='word_1_53' title='bbox 345 2540 457 2626; x_wconf 86' lang='lat' dir='ltr'>dirigit</span> <span class='ocrx_word' id='word_1_54' title='bbox 473 2540 661 2604; x_wconf 86' lang='lat' dir='ltr'>universam.</span> <span class='ocrx_word' id='word_1_55' title='bbox 711 2540 817 2624; x_wconf 88' lang='lat' dir='ltr'>Hujus</span> <span class='ocrx_word' id='word_1_56' title='bbox 832 2559 908 2621; x_wconf 87' lang='lat' dir='ltr'>ergo</span> <span class='ocrx_word' id='word_1_57' title='bbox 931 2537 1027 2623; x_wconf 86' lang='lat' dir='ltr'>sigilli</span> <span class='ocrx_word' id='word_1_58' title='bbox 1047 2538 1209 2623; x_wconf 88' lang='lat' dir='ltr'>corruptio</span> <span class='ocrx_word' id='word_1_59' title='bbox 1229 2536 1298 2602; x_wconf 90' lang='lat' dir='ltr'>uni-</span> 
     </span>
     <span class='ocr_line' id='line_1_12' title="bbox 346 2638 1298 2726; baseline -0.004 -20"><span class='ocrx_word' id='word_1_60' title='bbox 346 2641 473 2706; x_wconf 85' lang='lat' dir='ltr'>versalis</span> <span class='ocrx_word' id='word_1_61' title='bbox 487 2640 626 2705; x_wconf 81' lang='lat' dir='ltr'>ecclcsiae</span> <span class='ocrx_word' id='word_1_62' title='bbox 640 2639 817 2726; x_wconf 92' lang='lat' dir='ltr'>periculum</span> <span class='ocrx_word' id='word_1_63' title='bbox 834 2653 893 2719; x_wconf 88' lang='lat' dir='ltr'>est,</span> <span class='ocrx_word' id='word_1_64' title='bbox 908 2659 1007 2726; x_wconf 91' lang='lat' dir='ltr'>quum</span> <span class='ocrx_word' id='word_1_65' title='bbox 1021 2638 1061 2702; x_wconf 88' lang='lat' dir='ltr'>ad</span> <span class='ocrx_word' id='word_1_66' title='bbox 1083 2640 1180 2704; x_wconf 90' lang='lat' dir='ltr'>unius</span> <span class='ocrx_word' id='word_1_67' title='bbox 1194 2639 1298 2722; x_wconf 89' lang='lat' dir='ltr'>signa·</span> 
     </span>
     <span class='ocr_line' id='line_1_13' title="bbox 347 2741 1297 2828; baseline -0.003 -21"><span class='ocrx_word' id='word_1_68' title='bbox 347 2743 411 2808; x_wconf 91' lang='lat' dir='ltr'>culi</span> <span class='ocrx_word' id='word_1_69' title='bbox 433 2756 539 2809; x_wconf 87' lang='lat' dir='ltr'>notam</span> <span class='ocrx_word' id='word_1_70' title='bbox 564 2743 643 2807; x_wconf 82' lang='lat' dir='ltr'>solvi</span> <span class='ocrx_word' id='word_1_71' title='bbox 669 2754 701 2806; x_wconf 88' lang='lat' dir='ltr'>et</span> <span class='ocrx_word' id='word_1_72' title='bbox 721 2742 828 2806; x_wconf 91' lang='lat' dir='ltr'>claudi</span> <span class='ocrx_word' id='word_1_73' title='bbox 854 2744 976 2828; x_wconf 84' lang='lat' dir='ltr'>possint</span> <span class='ocrx_word' id='word_1_74' title='bbox 1000 2741 1218 2827; x_wconf 88' lang='lat' dir='ltr'>quorumlibet</span> <span class='ocrx_word' id='word_1_75' title='bbox 1241 2764 1297 2805; x_wconf 88' lang='lat' dir='ltr'>ora</span> 
     </span>
     <span class='ocr_line' id='line_1_14' title="bbox 345 2844 1297 2932; baseline -0.002 -22"><span class='ocrx_word' id='word_1_76' title='bbox 345 2847 543 2932; x_wconf 88' lang='lat' dir='ltr'>pontificum,</span> <span class='ocrx_word' id='word_1_77' title='bbox 566 2856 599 2909; x_wconf 89' lang='lat' dir='ltr'>et</span> <span class='ocrx_word' id='word_1_78' title='bbox 619 2844 714 2929; x_wconf 90' lang='lat' dir='ltr'>culpa</span> <span class='ocrx_word' id='word_1_79' title='bbox 734 2844 888 2929; x_wconf 76' lang='lat' dir='ltr'>quaelibet</span> <span class='ocrx_word' id='word_1_80' title='bbox 910 2844 1068 2929; x_wconf 91' lang='lat' dir='ltr'>impunita</span> <span class='ocrx_word' id='word_1_81' title='bbox 1087 2857 1297 2930; x_wconf 86' lang='lat' dir='ltr'>pertranseat,</span> 
     </span>
     <span class='ocr_line' id='line_1_15' title="bbox 346 2944 1353 3032; baseline -0.001 -21"><span class='ocrx_word' id='word_1_82' title='bbox 346 2958 379 3011; x_wconf 87' lang='lat' dir='ltr'>et</span> <span class='ocrx_word' id='word_1_83' title='bbox 403 2948 584 3011; x_wconf 86' lang='lat' dir='ltr'>innocentia</span> <span class='ocrx_word' id='word_1_84' title='bbox 608 2944 846 3010; x_wconf 78' lang='lat' dir='ltr'>condemnetur,</span> <span class='ocrx_word' id='word_1_85' title='bbox 891 2945 988 3008; x_wconf 89' lang='lat' dir='ltr'>Unde</span> <span class='ocrx_word' id='word_1_86' title='bbox 1013 2946 1045 3009; x_wconf 95' lang='lat' dir='ltr'>in</span> <span class='ocrx_word' id='word_1_87' title='bbox 1077 2969 1130 3010; x_wconf 89' lang='lat' dir='ltr'>eos</span> <span class='ocrx_word' id='word_1_88' title='bbox 1154 2948 1212 3032; x_wconf 90' lang='lat' dir='ltr'>qui</span> <span class='ocrx_word' id='word_1_89' title='bbox 1237 2947 1298 3011; x_wconf 91' lang='lat' dir='ltr'>hoc</span> <span class='ocrx_word' id='word_1_90' title='bbox 1351 2992 1353 2996; x_wconf 28' lang='grc' dir='ltr'><strong><em>ι</em></strong></span> 
     </span>
     <span class='ocr_line' id='line_1_16' title="bbox 346 3046 1298 3133; baseline 0.002 -22"><span class='ocrx_word' id='word_1_91' title='bbox 346 3059 538 3133; x_wconf 83' lang='lat' dir='ltr'>attemptare</span> <span class='ocrx_word' id='word_1_92' title='bbox 561 3058 769 3133; x_wconf 80' lang='lat' dir='ltr'>praesumunt,</span> <span class='ocrx_word' id='word_1_93' title='bbox 794 3046 1110 3111; x_wconf 88' lang='lat' dir='ltr'>animadvertendum</span> <span class='ocrx_word' id='word_1_94' title='bbox 1133 3060 1192 3127; x_wconf 89' lang='lat' dir='ltr'>est,</span> <span class='ocrx_word' id='word_1_95' title='bbox 1216 3047 1298 3113; x_wconf 89' lang='lat' dir='ltr'>sicut</span> 
     </span>
     <span class='ocr_line' id='line_1_17' title="bbox 346 3146 1299 3235; baseline 0 -24"><span class='ocrx_word' id='word_1_96' title='bbox 346 3149 378 3212; x_wconf 89' lang='lat' dir='ltr'>in</span> <span class='ocrx_word' id='word_1_97' title='bbox 395 3149 501 3213; x_wconf 89' lang='lat' dir='ltr'>hostes</span> <span class='ocrx_word' id='word_1_98' title='bbox 515 3149 660 3235; x_wconf 90' lang='lat' dir='ltr'>publicos</span> <span class='ocrx_word' id='word_1_99' title='bbox 674 3160 705 3212; x_wconf 88' lang='lat' dir='ltr'>et</span> <span class='ocrx_word' id='word_1_100' title='bbox 722 3148 820 3214; x_wconf 89' lang='lat' dir='ltr'>totius</span> <span class='ocrx_word' id='word_1_101' title='bbox 835 3146 984 3224; x_wconf 85' lang='lat' dir='ltr'>ecclesiae,</span> <span class='ocrx_word' id='word_1_102' title='bbox 1001 3160 1157 3235; x_wconf 90' lang='lat' dir='ltr'>quantum</span> <span class='ocrx_word' id='word_1_103' title='bbox 1173 3149 1205 3212; x_wconf 91' lang='lat' dir='ltr'>in</span> <span class='ocrx_word' id='word_1_104' title='bbox 1221 3149 1299 3235; x_wconf 90' lang='lat' dir='ltr'>ipsis</span> 
     </span>
     <span class='ocr_line' id='line_1_18' title="bbox 345 3250 1299 3337; baseline -0.001 -23"><span class='ocrx_word' id='word_1_105' title='bbox 345 3263 406 3329; x_wconf 84' lang='lat' dir='ltr'>est,</span> <span class='ocrx_word' id='word_1_106' title='bbox 436 3251 646 3316; x_wconf 86' lang='lat' dir='ltr'>subversores.</span> <span class='ocrx_word' id='word_1_107' title='bbox 703 3251 830 3315; x_wconf 90' lang='lat' dir='ltr'>Horum</span> <span class='ocrx_word' id='word_1_108' title='bbox 859 3273 944 3314; x_wconf 89' lang='lat' dir='ltr'>unus</span> <span class='ocrx_word' id='word_1_109' title='bbox 972 3251 1059 3337; x_wconf 90' lang='lat' dir='ltr'>apud</span> <span class='ocrx_word' id='word_1_110' title='bbox 1097 3273 1154 3315; x_wconf 84' lang='lat' dir='ltr'>vos</span> <span class='ocrx_word' id='word_1_111' title='bbox 1182 3250 1299 3327; x_wconf 90' lang='lat' dir='ltr'>latitat,</span> 
     </span>
     <span class='ocr_line' id='line_1_19' title="bbox 346 3351 1299 3439; baseline -0.003 -24"><span class='ocrx_word' id='word_1_112' title='bbox 346 3355 388 3415; x_wconf 86' lang='grc' dir='ltr'>Α.</span> <span class='ocrx_word' id='word_1_113' title='bbox 405 3376 430 3418; x_wconf 88' lang='lat' dir='ltr'>s.</span> <span class='ocrx_word' id='word_1_114' title='bbox 447 3352 487 3417; x_wconf 89' lang='lat' dir='ltr'>de</span> <span class='ocrx_word' id='word_1_115' title='bbox 499 3353 714 3419; x_wconf 85' lang='lat' dir='ltr'>Grimelinche</span> <span class='ocrx_word' id='word_1_116' title='bbox 728 3353 785 3439; x_wconf 91' lang='lat' dir='ltr'>qui</span> <span class='ocrx_word' id='word_1_117' title='bbox 796 3353 914 3416; x_wconf 88' lang='lat' dir='ltr'>crimen</span> <span class='ocrx_word' id='word_1_118' title='bbox 926 3352 1009 3428; x_wconf 85' lang='lat' dir='ltr'>falsi,</span> <span class='ocrx_word' id='word_1_119' title='bbox 1025 3351 1113 3438; x_wconf 92' lang='lat' dir='ltr'>quod</span> <span class='ocrx_word' id='word_1_120' title='bbox 1127 3352 1157 3415; x_wconf 89' lang='lat' dir='ltr'>in</span> <span class='ocrx_word' id='word_1_121' title='bbox 1174 3362 1299 3436; x_wconf 84' lang='lat' dir='ltr'>aposto-</span> 
     </span>
     <span class='ocr_line' id='line_1_20' title="bbox 346 3449 1298 3540; baseline -0.004 -23"><span class='ocrx_word' id='word_1_122' title='bbox 346 3452 414 3518; x_wconf 84' lang='lat' dir='ltr'>licis</span> <span class='ocrx_word' id='word_1_123' title='bbox 438 3456 594 3520; x_wconf 83' lang='lat' dir='ltr'>commisit</span> <span class='ocrx_word' id='word_1_124' title='bbox 619 3452 776 3540; x_wconf 84' lang='lat' dir='ltr'>apicibus,</span> <span class='ocrx_word' id='word_1_125' title='bbox 799 3453 940 3539; x_wconf 66' lang='lat' dir='ltr'>perjurio</span> <span class='ocrx_word' id='word_1_126' title='bbox 964 3452 1141 3528; x_wconf 87' lang='lat' dir='ltr'>cumulans,</span> <span class='ocrx_word' id='word_1_127' title='bbox 1167 3449 1298 3514; x_wconf 87' lang='lat' dir='ltr'>anathe-</span> 
     </span>
     <span class='ocr_line' id='line_1_21' title="bbox 346 3553 1298 3638; baseline -0.003 -19"><span class='ocrx_word' id='word_1_128' title='bbox 346 3557 440 3621; x_wconf 87' lang='lat' dir='ltr'>matis</span> <span class='ocrx_word' id='word_1_129' title='bbox 461 3556 588 3620; x_wconf 82' lang='lat' dir='ltr'>vinoulo</span> <span class='ocrx_word' id='word_1_130' title='bbox 612 3556 729 3619; x_wconf 88' lang='lat' dir='ltr'>meruit</span> <span class='ocrx_word' id='word_1_131' title='bbox 755 3554 911 3617; x_wconf 85' lang='lat' dir='ltr'>innodari.</span> <span class='ocrx_word' id='word_1_132' title='bbox 955 3553 1163 3638; x_wconf 85' lang='lat' dir='ltr'>Praecipimus</span> <span class='ocrx_word' id='word_1_133' title='bbox 1189 3553 1298 3637; x_wconf 90' lang='lat' dir='ltr'>itaque</span> 
     </span>
     <span class='ocr_line' id='line_1_22' title="bbox 346 3654 1298 3743; baseline -0.002 -21"><span class='ocrx_word' id='word_1_134' title='bbox 346 3669 383 3722; x_wconf 90' lang='lat' dir='ltr'>ut</span> <span class='ocrx_word' id='word_1_135' title='bbox 398 3657 502 3742; x_wconf 89' lang='lat' dir='ltr'>ipsum</span> <span class='ocrx_word' id='word_1_136' title='bbox 518 3658 644 3743; x_wconf 92' lang='lat' dir='ltr'>publice</span> <span class='ocrx_word' id='word_1_137' title='bbox 664 3655 973 3719; x_wconf 84' lang='lat' dir='ltr'>excommunicatum</span> <span class='ocrx_word' id='word_1_138' title='bbox 994 3654 1202 3734; x_wconf 89' lang='lat' dir='ltr'>denuncietis,</span> <span class='ocrx_word' id='word_1_139' title='bbox 1218 3667 1250 3720; x_wconf 90' lang='lat' dir='ltr'>et</span> <span class='ocrx_word' id='word_1_140' title='bbox 1271 3656 1298 3720; x_wconf 89' lang='lat' dir='ltr'>si</span> 
     </span>
     <span class='ocr_line' id='line_1_23' title="bbox 345 3756 1299 3845; baseline 0.003 -24"><span class='ocrx_word' id='word_1_141' title='bbox 345 3756 569 3843; x_wconf 87' lang='lat' dir='ltr'>comprehendi</span> <span class='ocrx_word' id='word_1_142' title='bbox 584 3770 703 3844; x_wconf 87' lang='lat' dir='ltr'>potest,</span> <span class='ocrx_word' id='word_1_143' title='bbox 719 3758 811 3822; x_wconf 91' lang='lat' dir='ltr'>sicuti</span> <span class='ocrx_word' id='word_1_144' title='bbox 827 3758 992 3823; x_wconf 83' lang='lat' dir='ltr'>manifeste</span> <span class='ocrx_word' id='word_1_145' title='bbox 1007 3758 1170 3845; x_wconf 90' lang='lat' dir='ltr'>perjurum</span> <span class='ocrx_word' id='word_1_146' title='bbox 1189 3772 1221 3824; x_wconf 92' lang='lat' dir='ltr'>et</span> <span class='ocrx_word' id='word_1_147' title='bbox 1240 3759 1299 3824; x_wconf 81' lang='lat' dir='ltr'>fal·</span> 
     </span>
     <span class='ocr_line' id='line_1_24' title="bbox 345 3856 1297 3927; baseline 0.005 -6"><span class='ocrx_word' id='word_1_148' title='bbox 345 3856 464 3922; x_wconf 86' lang='lat' dir='ltr'>sarium</span> <span class='ocrx_word' id='word_1_149' title='bbox 478 3857 520 3922; x_wconf 89' lang='lat' dir='ltr'>ad</span> <span class='ocrx_word' id='word_1_150' title='bbox 535 3880 592 3921; x_wconf 90' lang='lat' dir='ltr'>nos</span> <span class='ocrx_word' id='word_1_151' title='bbox 606 3858 730 3922; x_wconf 81' lang='lat' dir='ltr'>faciatis</span> <span class='ocrx_word' id='word_1_152' title='bbox 748 3856 873 3922; x_wconf 88' lang='lat' dir='ltr'>adduci.</span> <span class='ocrx_word' id='word_1_153' title='bbox 925 3862 976 3923; x_wconf 92' lang='lat' dir='ltr'>Ne</span> <span class='ocrx_word' id='word_1_154' title='bbox 994 3882 1069 3923; x_wconf 86' lang='lat' dir='ltr'>vero</span> <span class='ocrx_word' id='word_1_155' title='bbox 1088 3860 1205 3925; x_wconf 91' lang='lat' dir='ltr'>crimen</span> <span class='ocrx_word' id='word_1_156' title='bbox 1227 3860 1297 3927; x_wconf 86' lang='lat' dir='ltr'>lalsi</span> 
     </span>
     <span class='ocr_line' id='line_1_25' title="bbox 342 3957 1296 4047; baseline 0.006 -26"><span class='ocrx_word' id='word_1_157' title='bbox 342 3958 446 4044; x_wconf 88' lang='lat' dir='ltr'>ipsum</span> <span class='ocrx_word' id='word_1_158' title='bbox 478 3960 668 4025; x_wconf 81' lang='lat' dir='ltr'>commisisse</span> <span class='ocrx_word' id='word_1_159' title='bbox 697 3957 863 4039; x_wconf 89' lang='lat' dir='ltr'>dubitetis,</span> <span class='ocrx_word' id='word_1_160' title='bbox 888 3962 1085 4047; x_wconf 86' lang='lat' dir='ltr'>exscriptum</span> <span class='ocrx_word' id='word_1_161' title='bbox 1118 3962 1296 4027; x_wconf 86' lang='lat' dir='ltr'>litterarum</span> 
     </span>
     <span class='ocr_line' id='line_1_26' title="bbox 346 4059 1298 4150; baseline 0.003 -27"><span class='ocrx_word' id='word_1_162' title='bbox 346 4059 465 4124; x_wconf 89' lang='lat' dir='ltr'>domini</span> <span class='ocrx_word' id='word_1_163' title='bbox 480 4084 572 4148; x_wconf 84' lang='lat' dir='ltr'>papoe</span> <span class='ocrx_word' id='word_1_164' title='bbox 588 4064 678 4128; x_wconf 88' lang='lat' dir='ltr'>vobis</span> <span class='ocrx_word' id='word_1_165' title='bbox 689 4062 860 4129; x_wconf 87' lang='lat' dir='ltr'>transmitti</span> <span class='ocrx_word' id='word_1_166' title='bbox 873 4064 1094 4150; x_wconf 85' lang='lat' dir='ltr'>praecepimus,</span> <span class='ocrx_word' id='word_1_167' title='bbox 1106 4087 1187 4150; x_wconf 85' lang='lat' dir='ltr'>quas</span> <span class='ocrx_word' id='word_1_168' title='bbox 1202 4087 1298 4150; x_wconf 90' lang='lat' dir='ltr'>penes</span> 
     </span>
     <span class='ocr_line' id='line_1_27' title="bbox 344 4161 1298 4250; baseline 0.004 -26"><span class='ocrx_word' id='word_1_169' title='bbox 344 4183 377 4224; x_wconf 88' lang='lat' dir='ltr'>se</span> <span class='ocrx_word' id='word_1_170' title='bbox 407 4161 544 4227; x_wconf 86' lang='lat' dir='ltr'>bullatas</span> <span class='ocrx_word' id='word_1_171' title='bbox 572 4186 652 4241; x_wconf 89' lang='lat' dir='ltr'>esse,</span> <span class='ocrx_word' id='word_1_172' title='bbox 679 4163 747 4249; x_wconf 86' lang='lat' dir='ltr'>ipse</span> <span class='ocrx_word' id='word_1_173' title='bbox 773 4176 805 4227; x_wconf 91' lang='lat' dir='ltr'>et</span> <span class='ocrx_word' id='word_1_174' title='bbox 830 4162 991 4230; x_wconf 86' lang='lat' dir='ltr'>Jordanus</span> <span class='ocrx_word' id='word_1_175' title='bbox 1017 4164 1185 4250; x_wconf 87' lang='lat' dir='ltr'>presbyter</span> <span class='ocrx_word' id='word_1_176' title='bbox 1208 4164 1298 4249; x_wconf 84' lang='lat' dir='ltr'>jura-</span> 
     </span>
     <span class='ocr_line' id='line_1_28' title="bbox 347 4277 471 4327; baseline 0.024 -3"><span class='ocrx_word' id='word_1_177' title='bbox 347 4277 471 4327; x_wconf 77' lang='lat' dir='ltr'>verunt.</span> 
     </span>
    </p>
   </div>
   <div class='ocr_carea' id='block_1_6' title="bbox 604 4533 1039 4602">
    <p class='ocr_par' dir='ltr' id='par_1_6' title="bbox 604 4533 1039 4602">
     <span class='ocr_line' id='line_1_29' title="bbox 604 4533 1039 4602; baseline 0 -3"><span class='ocrx_word' id='word_1_178' title='bbox 604 4533 828 4601; x_wconf 85' lang='lat' dir='ltr'><strong>EPISTOLA</strong></span> <span class='ocrx_word' id='word_1_179' title='bbox 854 4538 1039 4602; x_wconf 89' lang='lat' dir='ltr'><strong>LXXXIV.</strong></span> 
     </span>
    </p>
   </div>
   <div class='ocr_carea' id='block_1_7' title="bbox 348 4667 1298 4862">
    <p class='ocr_par' dir='ltr' id='par_1_7' title="bbox 348 4667 1298 4862">
     <span class='ocr_line' id='line_1_30' title="bbox 390 4667 1297 4752; baseline 0.008 -19"><span class='ocrx_word' id='word_1_180' title='bbox 390 4672 561 4733; x_wconf 73' lang='lat' dir='ltr'>Eccarsn</span> <span class='ocrx_word' id='word_1_181' title='bbox 576 4681 693 4732; x_wconf 86' lang='lat' dir='ltr'>sanctae</span> <span class='ocrx_word' id='word_1_182' title='bbox 707 4667 875 4733; x_wconf 90' lang='lat' dir='ltr'>Trinitatis</span> <span class='ocrx_word' id='word_1_183' title='bbox 891 4667 1133 4752; x_wconf 82' lang='lat' dir='ltr'>Londonieneie‚</span> <span class='ocrx_word' id='word_1_184' title='bbox 1147 4670 1297 4740; x_wconf 84' lang='lat' dir='ltr'>adversus</span> 
     </span>
     <span class='ocr_line' id='line_1_31' title="bbox 348 4769 1298 4862; baseline 0.007 -28"><span class='ocrx_word' id='word_1_185' title='bbox 348 4770 526 4834; x_wconf 79' lang='lat' dir='ltr'>Martinam</span> <span class='ocrx_word' id='word_1_186' title='bbox 542 4769 582 4833; x_wconf 93' lang='lat' dir='ltr'>de</span> <span class='ocrx_word' id='word_1_187' title='bbox 598 4771 764 4835; x_wconf 86' lang='lat' dir='ltr'>Waltham</span> <span class='ocrx_word' id='word_1_188' title='bbox 780 4792 888 4856; x_wconf 88' lang='lat' dir='ltr'>agens,</span> <span class='ocrx_word' id='word_1_189' title='bbox 904 4771 1040 4836; x_wconf 85' lang='lat' dir='ltr'>decimas</span> <span class='ocrx_word' id='word_1_190' title='bbox 1055 4773 1208 4858; x_wconf 88' lang='lat' dir='ltr'>quasdam</span> <span class='ocrx_word' id='word_1_191' title='bbox 1227 4798 1298 4862; x_wconf 90' lang='lat' dir='ltr'>per-</span> 
     </span>
    </p>
   </div>
   <div class='ocr_carea' id='block_1_8' title="bbox 345 4872 1297 5039">
    <p class='ocr_par' dir='ltr' id='par_1_8' title="bbox 345 4872 1297 5039">
     <span class='ocr_line' id='line_1_32' title="bbox 345 4872 1297 4965; baseline 0.009 -30"><span class='ocrx_word' id='word_1_192' title='bbox 345 4873 481 4937; x_wconf 85' lang='lat' dir='ltr'>tinentes</span> <span class='ocrx_word' id='word_1_193' title='bbox 506 4873 547 4937; x_wconf 88' lang='lat' dir='ltr'>ad</span> <span class='ocrx_word' id='word_1_194' title='bbox 574 4872 732 4938; x_wconf 84' lang='lat' dir='ltr'>ecclesiam</span> <span class='ocrx_word' id='word_1_195' title='bbox 760 4872 800 4936; x_wconf 90' lang='lat' dir='ltr'>de</span> <span class='ocrx_word' id='word_1_196' title='bbox 826 4872 1075 4939; x_wconf 88' lang='lat' dir='ltr'>Welcumeston.</span> <span class='ocrx_word' id='word_1_197' title='bbox 1109 4887 1141 4940; x_wconf 88' lang='lat' dir='ltr'>et</span> <span class='ocrx_word' id='word_1_198' title='bbox 1163 4902 1242 4965; x_wconf 83' lang='lat' dir='ltr'>quas</span> <span class='ocrx_word' id='word_1_199' title='bbox 1263 4881 1297 4944; x_wconf 90' lang='lat' dir='ltr'>in</span> 
     </span>
     <span class='ocr_line' id='line_1_33' title="bbox 795 4982 843 5039; baseline 0 0"><span class='ocrx_word' id='word_1_200' title='bbox 795 4996 806 5039; x_wconf 95' lang='lat'>1</span> <span class='ocrx_word' id='word_1_201' title='bbox 823 4982 843 5039; x_wconf 72' lang='lat'><strong>2</strong></span> 
     </span>
    </p>
   </div>
   <div class='ocr_carea' id='block_1_9' title="bbox 0 0 1655 6434">
    <p class='ocr_par' dir='ltr' id='par_1_9' title="bbox 0 0 1655 6434">
     <span class='ocr_line' id='line_1_34' title="bbox 0 0 1655 6434; baseline 0 0"><span class='ocrx_word' id='word_1_202' title='bbox 0 0 1655 6434; x_wconf 95' lang='lat' dir='ltr'> </span> 
     </span>
    </p>
   </div>
  </div>
 </body>
</html>
