3300 6434
360 1228 552 1307 1159-61.]
740 1247 920 1293 sersronu.
1268 1240 1309 1297 68

355 1393 496 1471 consilio,
517 1394 543 1458 si
565 1394 693 1458 interim
716 1407 819 1459 restro
841 1395 943 1462 officio
964 1399 1152 1485 exequendo
1174 1399 1312 1486 diligen·

354 1494 431 1560 tiam
453 1497 608 1583 placuerit
628 1497 791 1575 adhibere,
814 1520 942 1562 causam
963 1499 1046 1562 hanc
1066 1500 1165 1565 tutius
1187 1501 1310 1586 possitis

355 1598 499 1663 definire.

355 1859 575 1924 uplsuont
604 1857 781 1920 LIX-ro
808 1873 1019 1919 mnnnnrnu
1044 1874 1240 1931 essemus,
1265 1874 1309 1919 ns

444 1976 634 2023 enncrroua
653 1975 782 2019 nouam
800 1976 987 2021 aosmrrcrs
1002 1977 1206 2021 aunxiunnr.

356 2118 548 2180 Amicissimo
562 2133 617 2175 suo
633 2112 781 2190 magristro
795 2110 837 2173 R.
850 2110 888 2171 de
903 2111 1012 2174 Serris
1025 2131 1096 2173 suus
1111 2112 1256 2176 loannes
1270 2116 1311 2178 de

524 2216 600 2279 Sor.
616 2214 760 2286 salutem,
777 2217 807 2273 et
822 2213 948 2295 siquid
961 2233 999 2275 eo
1014 2211 1138 2276 melius.

397 2379 648 2443 Auousrmnnu
660 2387 850 2451 nostrarum,
863 2374 979 2439 dilecte
991 2376 1048 2455 mi,
1061 2388 1092 2440 te
1105 2399 1168 2441 non
1180 2377 1309 2463 ambigo

352 2503 420 2544 esse
436 2478 634 2565 participem,
650 2501 748 2565 quum
766 2500 834 2558 nos,
848 2477 925 2543 licet
939 2477 1043 2560 aliter,
1056 2489 1090 2542 et
1104 2479 1307 2556 dissimiliter,

352 2605 416 2646 non
436 2581 499 2646 alia
515 2581 564 2646 vel
586 2580 748 2646 dissimilis
769 2602 865 2645 causa
885 2579 1044 2645 sollicitet.
1074 2584 1142 2645 Nos
1163 2603 1181 2644 e
1204 2581 1308 2646 vicino

345 2684 454 2770 jacula
469 2683 605 2748 fortunae
616 2682 775 2748 saevientis
787 2681 963 2768 excipimus
974 2681 1007 2745 in
1022 2681 1170 2747 manibus
1181 2683 1307 2762 nostris,

351 2798 385 2852 et
406 2785 506 2851 oculis
526 2786 649 2870 jugiter
669 2787 778 2849 subest
804 2783 946 2848 continui
969 2783 1103 2848 materia
1124 2784 1252 2863 laboris,
1274 2796 1309 2849 et

351 2888 477 2967 doloris,
493 2903 525 2953 et
540 2886 695 2951 moeroris.
721 2889 793 2950 Non
808 2886 927 2963 locum,
939 2907 1002 2950 non
1020 2902 1147 2972 tempus
1162 2886 1309 2971 indulget

350 3014 457 3055 amara
476 3012 542 3053 sors
562 2989 696 3067 laetitiae,
719 3000 774 3053 aut
793 2988 906 3074 quieti,
929 2988 982 3052 vix
1003 2987 1107 3053 solatii
1130 2989 1181 3054 vel
1203 2988 1308 3054 tenuis

350 3115 422 3177 spes
433 3091 632 3178 relinquitur.
650 3091 714 3157 Sed
728 3090 782 3154 illa
792 3113 812 3155 a
824 3089 983 3154 Domino:
1005 3089 1031 3154 si
1042 3090 1173 3176 quidem
1184 3091 1254 3176 jam
1265 3090 1307 3156 de

350 3194 490 3261 humano
509 3194 695 3280 desperatur
708 3192 845 3270 auxili03
872 3205 906 3257 ct
920 3215 973 3257 me
996 3192 1127 3280 quidem
1150 3194 1195 3258 rei
1217 3192 1307 3258 lami-

349 3297 436 3363 liaris
447 3296 507 3361 sub
518 3320 614 3361 onere
626 3296 721 3360 alieni
735 3296 806 3360 oeris
817 3308 851 3360 et
862 3296 1102 3381 importunitate
1114 3295 1306 3361 creditorum

350 3410 442 3483 urget
454 3399 610 3483 angustia,
619 3400 675 3463 sed
685 3398 767 3463 banc
778 3398 1014 3463 solicitudinem
1024 3397 1171 3480 denigrat
1179 3418 1307 3473 moeror,

349 3514 383 3566 et
397 3502 550 3588 quicquid
571 3502 729 3586 privatum
745 3512 803 3576 est,
819 3501 958 3584 impetus
978 3498 1123 3578 fortioris,
1139 3510 1172 3561 et
1186 3496 1307 3583 publici

348 3617 453 3667 metus
465 3604 624 3667 absorbet.
653 3602 757 3664 Sentis
769 3601 837 3685 ipse
848 3599 925 3685 quid
938 3598 1085 3676 sentiam,
1097 3598 1183 3685 quod
1195 3598 1308 3685 loquor

350 3706 407 3769 tibi
426 3705 497 3789 ipsi,
513 3715 550 3767 ut
572 3688 716 3780 arbitror,
729 3703 800 3787 jugi
823 3700 1031 3766 meditatione
1051 3702 1259 3789 proloqueris,
1275 3715 1307 3768 et

346 3818 497 3869 moestum
512 3804 712 3868 dicturientis
728 3808 860 3869 verbum
873 3814 982 3868 mente
997 3806 1156 3891 praevenis
1171 3806 1306 3870 circum-

347 3923 466 3994 specta.
492 3910 575 3972 Nom
591 3920 625 3971 et
639 3918 674 3971 tu
690 3907 749 3971 uisi
765 3907 903 3994 teipsum
919 3907 1055 3989 exueris,
1069 3908 1147 3972 dum
1162 3908 1204 3973 de
1219 3930 1307 3974 com·

349 4012 455 4074 munis
469 4009 591 4074 domini
606 4010 705 4075 nostri
720 4011 899 4076 sollicitaris
914 4010 1111 4088 infirmitate,
1126 4033 1201 4075 cura
1216 4009 1307 4094 vigili

346 4113 556 4192 eicontinua,
572 4114 705 4177 versaris
720 4114 752 4177 in
770 4114 932 4178 laboribus
947 4124 981 4175 et
995 4112 1156 4175 doloribus
1172 4112 1303 4186 nostris:

342 4215 419 4279 dum
436 4215 620 4279 universalis
635 4214 791 4289 ecclesiae,
807 4236 827 4277 a
842 4215 932 4297 cujus
948 4212 1100 4276 uberibus
1116 4213 1304 4281 coaluimus,

348 4317 526 4380 collisiones
541 4316 640 4391 vides,
656 4336 783 4377 causam
807 4334 931 4397 pensas,
948 4312 1090 4397 pericula
1105 4312 1305 4398 proemctiris‚

345 4416 488 4479 dolorem
504 4414 604 4478 dolori
620 4414 730 4498 adjicit
749 4414 926 4490 meditatio,
942 4413 1085 4477 dolorem
1108 4436 1205 4500 quem
1222 4415 1303 4477 ferre

344 4538 407 4580 non
434 4516 578 4580 sustines.
626 4520 665 4581 ln
692 4515 741 4580 bis
763 4527 870 4577 tamen
894 4515 1043 4578 omnibus
1065 4515 1174 4579 mitius
1197 4516 1303 4598 agitur

346 4630 465 4694 tecum,
482 4618 537 4704 qui
554 4617 594 4682 ad
610 4639 737 4682 omnem
755 4638 866 4680 auram
883 4628 915 4679 et
932 4617 1054 4695 horam,
1069 4628 1102 4680 et
1117 4616 1157 4680 ad
1174 4638 1304 4681 omnem

347 4720 511 4806 querelam
539 4719 670 4784 lamiliae
696 4717 849 4783 desolatae
869 4738 1008 4803 praesens
1032 4738 1095 4780 non
1117 4719 1238 4802 cogeris
1260 4718 1306 4783 la-

345 4821 514 4909 chrymari,
531 4823 585 4909 qui
610 4821 765 4887 liberioris
787 4820 978 4886 conditionis
1000 4820 1158 4886 fortunam
1182 4834 1303 4900 nactus,
