3300 6434
367 1230 562 1309 noll-64]
745 1245 924 1291 nemeaea.
1255 1238 1315 1295 143

362 1398 492 1464 tendum
531 1399 561 1460 in
600 1398 743 1462 absentia
779 1396 899 1460 domini
932 1398 1170 1463 cantuariensis
1207 1415 1238 1465 ct
1275 1425 1313 1466 eo

361 1502 519 1566 mediante
545 1500 622 1564 mihi
650 1523 743 1585 posse
769 1499 906 1583 gratiam
938 1500 1113 1563 reformari.
1158 1504 1318 1568 Praeterea

360 1603 479 1668 domini
507 1603 591 1687 regis
614 1601 737 1665 reditus
759 1600 851 1665 nobis
874 1600 904 1663 in
928 1601 997 1665 dies
1019 1602 1161 1687 singulos
1187 1606 1315 1687 promit-

362 1707 499 1771 tebatur.
544 1703 629 1783 Quid
648 1727 725 1788 ergo
740 1705 896 1767 facerem?
924 1703 1064 1767 Insulam
1082 1705 1190 1789 egredi
1206 1705 1318 1790 imagi-

362 1831 432 1871 nem
451 1808 619 1871 vidcbatur
634 1806 752 1871 habere
766 1807 914 1891 diffugii:
939 1807 1204 1872 calumniatorum
1221 1808 1317 1872 decli-

362 1931 437 1972 nare
457 1930 672 1992 congressum,
694 1918 775 1970 esset
798 1930 882 1970 ream
906 1908 1127 1973 conscientiam
1152 1909 1315 1994 profiteri:

363 2010 514 2095 principis
544 2032 605 2071 non
636 2022 803 2093 expectare
837 2022 1053 2093 conspectum,
1083 2023 1181 2093 caput
1211 2034 1316 2074 meum

362 2090 447 2175 laesa>
470 2110 641 2198 majestatis
664 2110 835 2173 obnoxium
863 2110 985 2193 legibus
1008 2111 1145 2184 faceret3
1170 2111 1209 2174 ad
1234 2135 1319 2175 sum-

364 2237 458 2291 mam,
475 2212 690 2277 testimonium
716 2212 892 2275 innocentis
916 2213 1124 2287 eonscientiae,
1146 2216 1318 2277 auctoritas

365 2314 499 2376 llomaui
528 2312 699 2398 pontificis,
728 2311 923 2398 prudentum
950 2311 1089 2390 consilia,
1112 2312 1315 2378 familiarium

364 2438 474 2500 preces
501 2413 626 2479 tandem
659 2428 897 2498 persuaserunt,
924 2428 959 2478 ut
989 2436 1120 2477 examen
1150 2437 1265 2490 causa,
1291 2415 1316 2478 si

365 2517 432 2579 fieri
449 2529 565 2601 potest,
582 2514 666 2578 dorni
689 2530 867 2599 expectem,
882 2515 936 2579 ubi
959 2515 1031 2580 finis
1053 2517 1171 2601 poterit
1193 2540 1270 2595 esse,
1285 2534 1318 2581 et

365 2639 495 2706 sumptu
523 2618 656 2691 facilior,
684 2631 716 2681 et
743 2618 835 2705 copia
863 2621 1036 2682 amicorum
1065 2618 1208 2682 fertilior.
1255 2620 1316 2682 Sed

366 2723 444 2797 haec,
461 2734 497 2786 ut
513 2721 662 2799 scribitis,
675 2722 872 2784 renuntiasse
887 2721 1074 2785 debueram:
1098 2721 1154 2784 has
1168 2721 1317 2807 equidem

366 2839 471 2909 partes
500 2823 647 2887 fidelibus
678 2824 792 2886 vestris
829 2822 937 2886 amieis
968 2826 1056 2902 meis,
1086 2823 1318 2888 venerabilibus

367 2926 454 3001 viris,
485 2926 603 2988 Joanni
635 2923 833 2987 thesaurario
864 2924 1068 3001 Eboraceusi,
1099 2938 1129 2988 et
1161 2925 1319 3010 Magistro

367 3026 530 3089 Willelmo
545 3026 761 3089 commiseram
781 3025 1006 3111 procurandas.
1053 3029 1222 3113 Proprium
1238 3051 1319 3092 nuu-

367 3128 446 3191 tium
469 3126 587 3190 idcirco
609 3125 767 3190 destinare
790 3126 910 3206 distuli,
926 3128 1003 3213 quia
1026 3128 1181 3213 naufragii
1203 3129 1320 3209 brevis,

366 3244 403 3295 ut
420 3229 601 3307 videbatur,
619 3228 690 3293 licet
706 3230 824 3314 magni,
838 3229 941 3295 adhuc
956 3230 1076 3295 dubins
1091 3244 1158 3295 erat
1174 3244 1319 3312 eventuS,

366 3346 397 3398 et
413 3334 490 3420 quia
505 3332 629 3396 mallem
646 3333 722 3397 laeta
737 3356 830 3419 qnam
851 3333 953 3397 tristia
974 3334 1131 3398 nuntiare.
1175 3333 1272 3397 Unde
1286 3349 1319 3399 et

366 3460 525 3501 cursorem
543 3451 683 3500 vestrum
703 3459 827 3499 mecum
843 3436 960 3499 retinui
984 3459 1041 3522 per
1062 3435 1129 3498 dies
1148 3435 1271 3520 aliquot
1288 3436 1318 3499 in

368 3540 541 3603 adventum
558 3538 691 3601 illustris
704 3537 821 3620 reginae
835 3537 1024 3619 Anglorum,
1037 3548 1068 3598 et
1081 3535 1244 3599 clarissimi
1261 3536 1320 3600 viri

368 3640 555 3706 Cancellarii
573 3640 664 3722 regis,
675 3639 744 3723 qui,
763 3660 817 3723 per
834 3637 1076 3700 misericordiam
1096 3637 1235 3714 Domini,
1247 3661 1320 3726 pro-

366 3740 476 3803 cellam
494 3740 569 3803 milri
593 3739 788 3803 detumuisse
811 3738 973 3804 dixerunt.
1017 3742 1135 3802 Potens
1149 3755 1196 3803 est
1211 3754 1319 3807 autem

368 3842 526 3904 Dominus
551 3841 675 3917 vestris,
703 3855 734 3906 et
761 3840 999 3918 ecclesianam,
1027 3864 1085 3927 pro
1110 3865 1177 3928 qua
1205 3846 1321 3931 patior,

367 3944 526 4030 precibus,
549 3965 629 4019 eam,
649 3956 907 4029 quantacumque
926 3943 979 4021 sit,
994 3944 1026 4009 in
1048 3968 1158 4010 auram
1179 3970 1320 4012 commu·

367 4060 446 4124 tare,
477 4061 508 4110 et
539 4047 747 4110 innocentiam
779 4070 881 4111 meam
913 4048 1086 4133 perducere
1116 4048 1157 4111 ad
1188 4063 1317 4133 portum

367 4148 484 4235 quietis
498 4163 628 4236 optatae.
675 4153 755 4215 Hoec
772 4150 934 4214 hactenus

411 4254 463 4315 Ex
476 4277 541 4339 qno
556 4252 681 4317 fidelem
694 4254 842 4316 nuntium
859 4251 1052 4327 inveneritis,
1066 4251 1154 4325 milti,
1167 4252 1191 4315 si
1205 4254 1319 4338 placet,

367 4352 515 4435 epistolas
535 4353 619 4415 beati
640 4351 793 4414 Bernardi
816 4351 1032 4414 transmittite.
1079 4354 1195 4414 Precor
1212 4354 1318 4432 etiam,

369 4467 403 4517 ut
419 4451 512 4515 flores
523 4452 648 4537 aliquos
665 4454 833 4515 verborum
849 4453 928 4536 ejus,
940 4466 970 4516 et
989 4466 1178 4527 vestrorum,
1191 4469 1222 4520 et
1238 4458 1320 4521 Can.

369 4554 445 4617 toris
463 4554 640 4629 Trecensis,
657 4568 689 4618 et
708 4558 732 4616 si
750 4553 897 4639 quisunt
916 4552 1042 4627 similes,
1058 4553 1163 4638 colligi
1179 4556 1319 4622 faciatis:

367 4658 413 4718 ita
434 4671 537 4720 tamen
555 4670 591 4720 ut
614 4659 727 4721 florum
744 4655 856 4719 laetitia
879 4675 943 4717 nen
965 4655 1101 4739 perimat
1121 4673 1177 4719 aut
1199 4658 1319 4727 minuat

367 4758 492 4820 fructus
506 4756 685 4822 utilitatem.
714 4757 786 4839 Ego
799 4754 1021 4841 proculdubio,
1032 4770 1160 4820 anctore
1170 4758 1319 4836 Domino,

369 4882 424 4921 vos
449 4858 480 4922 in
509 4882 587 4939 rnen,
613 4871 668 4922 aut
696 4856 815 4943 proprii
848 4855 950 4921 nuntii
977 4878 1122 4941 persona,
1148 4872 1317 4945 antequam
