3300 6434
474 1247 538 1306 2³4
735 1261 872 1306 sossius
887 1258 1167 1306 sanasuamausrs
1331 1241 1376 1321 [1.
1394 1259 1424 1305 n.

474 1522 693 1588 EPISTOLA
717 1523 992 1587 CXLVlll.—au
1006 1540 1161 1585 1011111111
1177 1538 1423 1584 1111111111111

724 1642 922 1689 nmscoron.
950 1625 995 1704 [11.
1011 1643 1042 1686 n.
1063 1623 1171 1703 noo]

765 1783 906 1844 Domino
921 1782 1119 1844 Pistorensi.

516 1919 620 1981 Panm
635 1916 935 1992 misericordiarum,
950 1918 1005 1999 qui
1021 1938 1078 1980 vos
1092 1916 1133 1979 ad
1148 1917 1302 1980 honorem
1318 1939 1422 1995 suum,

469 2033 502 2084 et
515 2020 660 2084 ecolesioe
674 2020 852 2096 utilitatem,
868 2031 901 2082 et
921 2019 1076 2101 naufragii
1090 2019 1188 2082 nostri
1205 2020 1363 2097 solatium,
1379 2019 1419 2083 de
1464 2029 1470 2040 ‘

467 2122 554 2202 gravi
582 2120 764 2184 infirmitate
794 2120 908 2196 erexit,
935 2118 1129 2202 multiplices
1157 2126 1190 2181 et
1219 2118 1418 2183 omnimodas

468 2221 585 2301 gratias
599 2240 676 2302 ago;
708 2217 824 2282 deinde
840 2228 951 2281 vestra
967 2217 1154 2300 dignationi,
1169 2240 1241 2301 quae
1256 2219 1318 2281 mei
1333 2211 1430 2283 solti-'

467 2320 644 2384 citudinem
668 2317 882 2382 indesinenter
906 2330 938 2381 et
957 2319 1128 2392 efficaciter
1149 2339 1274 2399 gerens,
1296 2319 1419 2383 umoris

466 2430 499 2484 et
513 2421 633 2485 doloris
648 2422 722 2492 mei,
738 2420 779 2484 de
795 2431 898 2482 vestra
912 2419 1101 2501 egritudine
1124 2420 1283 2501 concepti,
1299 2421 1417 2484 littera-

467 2542 535 2584 rum
562 2522 676 2584 solatio
701 2521 856 2599 mitigavit
884 2522 1057 2602 angustias.
1102 2520 1168 2584 Sed
1193 2520 1270 2602 quia
1294 2532 1417 2603 postea,

465 2642 527 2685 nec
542 2619 583 2683 de
605 2622 702 2704 plena
715 2622 971 2684 convalescentia
986 2632 1100 2696 vestra,
1114 2643 1174 2685 nec
1198 2620 1238 2685 de
1260 2622 1416 2705 promissa

465 2736 497 2787 et
511 2729 637 2807 sperata
651 2743 732 2805 pace
747 2722 934 2785 certioratus
956 2744 1037 2796 sum,
1054 2725 1185 2787 latorem
1209 2724 1411 2807 praesentium

465 2824 506 2889 nd
522 2845 576 2887 vos
591 2822 701 2888 censui
713 2822 999 2898 transmittendum,
1011 2846 1067 2907 per
1081 2846 1177 2908 quem
1191 2825 1268 2888 mihi
1279 2824 1415 2904 singula,

465 2948 537 3010 quae
552 2924 705 3009 expedire
720 2924 881 3001 noveritis,
896 2923 1082 3006 diligentius
1096 2925 1228 2988 rescribi
1242 2935 1310 2987 tota
1326 2945 1415 2987 men·

463 3027 505 3090 tis
530 3022 698 3090 affectione
727 3025 886 3109 deposco:
925 3025 1113 3109 etquidem
1141 3047 1254 3108 pacem
1280 3036 1412 3088 vestram

463 3127 609 3192 desidero
631 3130 814 3210 plurimum,
836 3147 895 3189 nec
919 3126 1014 3189 video
1037 3128 1155 3211 quibus
1176 3128 1209 3189 in
1234 3149 1330 3191 causa
1351 3127 1414 3190 ista

462 3227 591 3311 possitis
613 3228 660 3290 uti
682 3226 900 3289 instrumentis
922 3225 965 3288 ad
987 3226 1206 3309 recuperanda
1220 3230 1269 3291 vel
1285 3247 1411 3290 conser-

461 3328 566 3392 vanda
578 3326 651 3412 jura
665 3328 810 3391 ecclesia
826 3337 948 3401 vestra,
958 3328 1021 3389 nisi
1037 3328 1088 3392 his
1103 3349 1175 3411 quae
1191 3329 1328 3392 ecclesia
1342 3329 1413 3410 ipsa

459 3441 491 3494 et
516 3431 575 3495 filii
600 3431 669 3516 ejus
694 3428 943 3494 ministraverint
970 3429 1070 3507 vobis,
1094 3441 1150 3494 aut
1179 3452 1250 3515 quae
1277 3430 1318 3493 de
1339 3431 1412 3513 jure

459 3533 620 3596 communi
650 3533 771 3596 caeteris
801 3532 949 3595 ecclesiis
986 3534 1207 3614 suffragantur,
1236 3531 1411 3616 praesertim

458 3653 556 3714 quum
567 3634 664 3696 homo
676 3634 867 3714 alienigena,
875 3646 908 3696 et
918 3633 1004 3714 apud
1017 3646 1143 3697 exteras
1153 3645 1264 3714 gentes
1273 3633 1408 3697 nutritus

458 3742 490 3794 et
514 3732 687 3806 institutus,
709 3734 868 3816 speciales
892 3734 1127 3815 Aquitauorum
1153 3736 1411 3810 consuetudines,

458 3840 490 3893 et
498 3831 641 3894 inaudita
647 3832 721 3913 jura
731 3855 797 3896 non
809 3836 946 3898 sufficiat
955 3834 1101 3899 edocere.
1138 3835 1233 3900 Unde
1243 3858 1340 3920 quum
1352 3856 1410 3897 vos

456 3931 538 3994 nihil
564 3953 606 3995 ex
631 3933 890 4014 contingentibus
916 3937 1085 3999 omiseritis
1112 3938 1162 3999 vel
1189 3938 1352 4012 omittatis,
1378 3936 1405 3997 si

456 4054 552 4098 causa
566 4035 720 4111 ecclesiae,
736 4035 809 4098 filiis
824 4035 895 4119 ejus
910 4035 1195 4113 dissimulantibus,
1210 4049 1266 4100 aut
1285 4054 1405 4118 praeva-

455 4136 630 4200 ricantibus
646 4137 853 4219 periclitetur,
868 4159 934 4201 non
950 4151 1000 4202 est
1014 4137 1100 4222 quod
1114 4146 1226 4200 vestrae
1244 4136 1407 4218 negligen-

455 4239 508 4302 tias
535 4238 651 4303 debeat
676 4239 836 4322 imputari.
882 4241 962 4312 Quis
987 4242 1072 4304 euim
1098 4239 1161 4303 nisi
1184 4259 1295 4324 parum
1321 4260 1406 4301 sanzo

454 4341 579 4416 mentis,
594 4354 626 4404 et
640 4362 784 4425 praeceps
798 4351 854 4404 aut
872 4342 984 4419 hostis,
1000 4344 1156 4419 consulet,
1172 4352 1208 4406 ut
1223 4343 1291 4405 siue
1312 4342 1405 4404 ratio·

453 4460 528 4502 num
550 4452 582 4505 ot
597 4442 706 4504 virium
732 4443 881 4522 suffragio
907 4446 993 4506 solus
1018 4454 1129 4507 contra
1152 4455 1332 4516 torrentem,
1349 4444 1405 4525 qui

452 4542 560 4603 omnia
582 4553 655 4624 post
677 4562 711 4605 se
734 4542 840 4613 trahit,
856 4554 888 4605 et
912 4543 1074 4619 subvertit,
1089 4545 1221 4609 brachia
1245 4546 1404 4607 incassum

452 4644 652 4723 praesumatis
678 4641 819 4725 erigere?
865 4643 946 4710 Nam
974 4646 1167 4728 complacita
1193 4648 1284 4729 pacis
1307 4648 1406 4708 forma

450 4742 591 4821 speciem
615 4744 784 4825 praetendit
806 4745 976 4828 aequitatis,
998 4756 1031 4807 et
1053 4767 1171 4821 revera,
1193 4748 1218 4808 si
1241 4747 1316 4809 fidei
1341 4748 1405 4809 sin·

451 4840 579 4902 ceritnte
603 4844 789 4925 simpliciter
813 4846 961 4927 utrinque
985 4847 1016 4908 in
1039 4848 1259 4912 contrahendo
1281 4859 1405 4927 geratur
