<?xml version="1.0" encoding="UTF-8"?>
<!DOCTYPE html PUBLIC "-//W3C//DTD XHTML 1.0 Transitional//EN"
    "http://www.w3.org/TR/xhtml1/DTD/xhtml1-transitional.dtd">
<html xmlns="http://www.w3.org/1999/xhtml" xml:lang="en" lang="en">
 <head>
  <title>
</title>
<meta http-equiv="Content-Type" content="text/html;charset=utf-8" />
  <meta name='ocr-system' content='tesseract 3.04.00' />
  <meta name='ocr-capabilities' content='ocr_page ocr_carea ocr_par ocr_line ocrx_word'/>
</head>
<body>
  <div class='ocr_page' id='page_1' title='image "./joannissaresber14johngoog_0288.png"; bbox 0 0 3300 6434; ppageno 0'>
   <div class='ocr_carea' id='block_1_1' title="bbox 405 1262 1359 1341">
    <p class='ocr_par' dir='ltr' id='par_1_1' title="bbox 405 1262 1359 1341">
     <span class='ocr_line' id='line_1_1' title="bbox 405 1262 1359 1341; baseline 0.005 -21"><span class='ocrx_word' id='word_1_1' title='bbox 405 1263 467 1323; x_wconf 73' lang='grc'>968</span> <span class='ocrx_word' id='word_1_2' title='bbox 656 1277 1094 1323; x_wconf 72' lang='lat' dir='ltr'>soauurssanesuanreusrs</span> <span class='ocrx_word' id='word_1_3' title='bbox 1272 1262 1315 1341; x_wconf 77' lang='lat' dir='ltr'>[a.</span> <span class='ocrx_word' id='word_1_4' title='bbox 1330 1281 1359 1325; x_wconf 91' lang='lat' dir='ltr'>o.</span> 
     </span>
    </p>
   </div>
   <div class='ocr_carea' id='block_1_2' title="bbox 403 1425 1361 1917">
    <p class='ocr_par' dir='ltr' id='par_1_2' title="bbox 403 1425 1361 1917">
     <span class='ocr_line' id='line_1_2' title="bbox 404 1425 1360 1515; baseline 0.005 -26"><span class='ocrx_word' id='word_1_5' title='bbox 404 1425 640 1511; x_wconf 80' lang='lat' dir='ltr'>proscriptionis</span> <span class='ocrx_word' id='word_1_6' title='bbox 654 1430 739 1490; x_wconf 82' lang='lat' dir='ltr'>meae</span> <span class='ocrx_word' id='word_1_7' title='bbox 749 1425 1005 1490; x_wconf 88' lang='lat' dir='ltr'>erubescentiam</span> <span class='ocrx_word' id='word_1_8' title='bbox 1017 1426 1151 1491; x_wconf 88' lang='lat' dir='ltr'>sustinui</span> <span class='ocrx_word' id='word_1_9' title='bbox 1166 1428 1207 1493; x_wconf 88' lang='lat' dir='ltr'>da</span> <span class='ocrx_word' id='word_1_10' title='bbox 1223 1431 1360 1515; x_wconf 89' lang='lat' dir='ltr'>repulsa.</span> 
     </span>
     <span class='ocr_line' id='line_1_3' title="bbox 407 1525 1359 1613; baseline 0.004 -22"><span class='ocrx_word' id='word_1_11' title='bbox 407 1525 459 1591; x_wconf 85' lang='lat' dir='ltr'>Ex</span> <span class='ocrx_word' id='word_1_12' title='bbox 483 1525 532 1591; x_wconf 91' lang='lat' dir='ltr'>his</span> <span class='ocrx_word' id='word_1_13' title='bbox 560 1543 595 1594; x_wconf 87' lang='lat' dir='ltr'>et</span> <span class='ocrx_word' id='word_1_14' title='bbox 622 1526 879 1612; x_wconf 75' lang='lat' dir='ltr'>praecedentibus</span> <span class='ocrx_word' id='word_1_15' title='bbox 908 1537 998 1613; x_wconf 88' lang='lat' dir='ltr'>patet</span> <span class='ocrx_word' id='word_1_16' title='bbox 1018 1528 1071 1593; x_wconf 85' lang='lat' dir='ltr'>via</span> <span class='ocrx_word' id='word_1_17' title='bbox 1096 1527 1219 1611; x_wconf 88' lang='lat' dir='ltr'>rationi,</span> <span class='ocrx_word' id='word_1_18' title='bbox 1241 1531 1297 1595; x_wconf 87' lang='lat' dir='ltr'>sed</span> <span class='ocrx_word' id='word_1_19' title='bbox 1327 1531 1359 1595; x_wconf 90' lang='lat' dir='ltr'>in</span> 
     </span>
     <span class='ocr_line' id='line_1_4' title="bbox 403 1626 1361 1704; baseline 0.003 -11"><span class='ocrx_word' id='word_1_20' title='bbox 403 1626 526 1694; x_wconf 78' lang='lat' dir='ltr'>litteras</span> <span class='ocrx_word' id='word_1_21' title='bbox 541 1651 581 1694; x_wconf 85' lang='lat' dir='ltr'>ex</span> <span class='ocrx_word' id='word_1_22' title='bbox 596 1627 763 1693; x_wconf 80' lang='lat' dir='ltr'>effectione</span> <span class='ocrx_word' id='word_1_23' title='bbox 779 1638 864 1693; x_wconf 84' lang='lat' dir='ltr'>totus</span> <span class='ocrx_word' id='word_1_24' title='bbox 879 1628 1065 1704; x_wconf 84' lang='lat' dir='ltr'>defluerem,</span> <span class='ocrx_word' id='word_1_25' title='bbox 1083 1630 1142 1694; x_wconf 90' lang='lat' dir='ltr'>uisi</span> <span class='ocrx_word' id='word_1_26' title='bbox 1159 1631 1361 1696; x_wconf 89' lang='lat' dir='ltr'>modestiaet</span> 
     </span>
     <span class='ocr_line' id='line_1_5' title="bbox 403 1730 1344 1818; baseline 0.001 -22"><span class='ocrx_word' id='word_1_27' title='bbox 403 1730 623 1818; x_wconf 81' lang='lat' dir='ltr'>multiplicitas</span> <span class='ocrx_word' id='word_1_28' title='bbox 637 1730 893 1816; x_wconf 84' lang='lat' dir='ltr'>occupationum,</span> <span class='ocrx_word' id='word_1_29' title='bbox 909 1730 1026 1817; x_wconf 86' lang='lat' dir='ltr'>quibus</span> <span class='ocrx_word' id='word_1_30' title='bbox 1046 1730 1079 1794; x_wconf 90' lang='lat' dir='ltr'>id</span> <span class='ocrx_word' id='word_1_31' title='bbox 1102 1732 1262 1796; x_wconf 86' lang='lat' dir='ltr'>tantillum</span> <span class='ocrx_word' id='word_1_32' title='bbox 1284 1733 1344 1797; x_wconf 92' lang='lat' dir='ltr'>sub</span> 
     </span>
     <span class='ocr_line' id='line_1_6' title="bbox 405 1828 1269 1917; baseline 0.002 -22"><span class='ocrx_word' id='word_1_33' title='bbox 405 1828 498 1917; x_wconf 88' lang='lat' dir='ltr'>ripui,</span> <span class='ocrx_word' id='word_1_34' title='bbox 514 1831 754 1917; x_wconf 81' lang='lat' dir='ltr'>compellerent,</span> <span class='ocrx_word' id='word_1_35' title='bbox 771 1842 807 1895; x_wconf 89' lang='lat' dir='ltr'>ut</span> <span class='ocrx_word' id='word_1_36' title='bbox 821 1829 927 1894; x_wconf 89' lang='lat' dir='ltr'>dicam</span> <span class='ocrx_word' id='word_1_37' title='bbox 942 1853 982 1895; x_wconf 81' lang='lat' dir='ltr'>ax</span> <span class='ocrx_word' id='word_1_38' title='bbox 998 1830 1116 1909; x_wconf 90' lang='lat' dir='ltr'>animo,</span> <span class='ocrx_word' id='word_1_39' title='bbox 1134 1832 1269 1897; x_wconf 88' lang='lat' dir='ltr'>Valete!</span> 
     </span>
    </p>
   </div>
   <div class='ocr_carea' id='block_1_3' title="bbox 443 2090 1319 2271">
    <p class='ocr_par' dir='ltr' id='par_1_3' title="bbox 443 2090 1319 2271">
     <span class='ocr_line' id='line_1_7' title="bbox 443 2090 1319 2154; baseline 0.001 -2"><span class='ocrx_word' id='word_1_40' title='bbox 443 2090 667 2153; x_wconf 84' lang='lat' dir='ltr'><strong>EPISTOLA</strong></span> <span class='ocrx_word' id='word_1_41' title='bbox 690 2090 931 2153; x_wconf 58' lang='lat' dir='ltr'>coxit-tn</span> <span class='ocrx_word' id='word_1_42' title='bbox 946 2108 1147 2154; x_wconf 78' lang='lat' dir='ltr'>uaorsrnnu</span> <span class='ocrx_word' id='word_1_43' title='bbox 1161 2110 1319 2153; x_wconf 73' lang='lat' dir='ltr'>rennuens</span> 
     </span>
     <span class='ocr_line' id='line_1_8' title="bbox 664 2189 1140 2271; baseline 0.002 -19"><span class='ocrx_word' id='word_1_44' title='bbox 664 2207 899 2253; x_wconf 78' lang='lat' dir='ltr'>sunuacnuou.</span> <span class='ocrx_word' id='word_1_45' title='bbox 926 2189 1013 2269; x_wconf 66' lang='lat' dir='ltr'>[uo.</span> <span class='ocrx_word' id='word_1_46' title='bbox 1033 2192 1140 2271; x_wconf 67' lang='lat' dir='ltr'>llud]</span> 
     </span>
    </p>
   </div>
   <div class='ocr_carea' id='block_1_4' title="bbox 626 2324 1141 2406">
    <p class='ocr_par' dir='ltr' id='par_1_4' title="bbox 626 2324 1141 2406">
     <span class='ocr_line' id='line_1_9' title="bbox 626 2324 1141 2406; baseline 0.002 -20"><span class='ocrx_word' id='word_1_47' title='bbox 626 2325 791 2406; x_wconf 67' lang='lat' dir='ltr'>Magistro</span> <span class='ocrx_word' id='word_1_48' title='bbox 804 2324 934 2387; x_wconf 81' lang='lat' dir='ltr'>Joumu&#39;</span> <span class='ocrx_word' id='word_1_49' title='bbox 949 2325 1141 2388; x_wconf 82' lang='lat' dir='ltr'>Sarraceuo.</span> 
     </span>
    </p>
   </div>
   <div class='ocr_carea' id='block_1_5' title="bbox 401 2429 1360 4954">
    <p class='ocr_par' dir='ltr' id='par_1_5' title="bbox 401 2429 1360 4455">
     <span class='ocr_line' id='line_1_10' title="bbox 450 2429 1356 2520; baseline 0.002 -27"><span class='ocrx_word' id='word_1_50' title='bbox 450 2429 612 2496; x_wconf 75' lang='lat' dir='ltr'>ernuar</span> <span class='ocrx_word' id='word_1_51' title='bbox 637 2429 815 2495; x_wconf 89' lang='lat' dir='ltr'>dilectionis</span> <span class='ocrx_word' id='word_1_52' title='bbox 840 2442 964 2512; x_wconf 84' lang='lat' dir='ltr'>vestrae,</span> <span class='ocrx_word' id='word_1_53' title='bbox 986 2453 1082 2518; x_wconf 89' lang='lat' dir='ltr'>super</span> <span class='ocrx_word' id='word_1_54' title='bbox 1103 2432 1229 2520; x_wconf 89' lang='lat' dir='ltr'>quibus,</span> <span class='ocrx_word' id='word_1_55' title='bbox 1252 2430 1356 2518; x_wconf 90' lang='lat' dir='ltr'>quoad</span> 
     </span>
     <span class='ocr_line' id='line_1_11' title="bbox 405 2531 1360 2620; baseline 0.001 -24"><span class='ocrx_word' id='word_1_56' title='bbox 405 2531 522 2609; x_wconf 84' lang='lat' dir='ltr'>vixero,</span> <span class='ocrx_word' id='word_1_57' title='bbox 538 2531 651 2617; x_wconf 85' lang='lat' dir='ltr'>gratiae</span> <span class='ocrx_word' id='word_1_58' title='bbox 665 2531 755 2597; x_wconf 85' lang='lat' dir='ltr'>vobis</span> <span class='ocrx_word' id='word_1_59' title='bbox 777 2532 935 2597; x_wconf 84' lang='lat' dir='ltr'>habendae</span> <span class='ocrx_word' id='word_1_60' title='bbox 958 2550 1033 2598; x_wconf 91' lang='lat' dir='ltr'>suut</span> <span class='ocrx_word' id='word_1_61' title='bbox 1048 2546 1081 2598; x_wconf 90' lang='lat' dir='ltr'>et</span> <span class='ocrx_word' id='word_1_62' title='bbox 1095 2535 1239 2618; x_wconf 86' lang='lat' dir='ltr'>agendoe,</span> <span class='ocrx_word' id='word_1_63' title='bbox 1257 2534 1360 2620; x_wconf 91' lang='lat' dir='ltr'>philo·</span> 
     </span>
     <span class='ocr_line' id='line_1_12' title="bbox 403 2634 1357 2721; baseline -0.001 -22"><span class='ocrx_word' id='word_1_64' title='bbox 403 2634 538 2721; x_wconf 81' lang='lat' dir='ltr'>sophum</span> <span class='ocrx_word' id='word_1_65' title='bbox 554 2646 588 2699; x_wconf 89' lang='lat' dir='ltr'>et</span> <span class='ocrx_word' id='word_1_66' title='bbox 604 2634 819 2699; x_wconf 88' lang='lat' dir='ltr'>Christianum</span> <span class='ocrx_word' id='word_1_67' title='bbox 837 2635 956 2720; x_wconf 90' lang='lat' dir='ltr'>pariter</span> <span class='ocrx_word' id='word_1_68' title='bbox 971 2634 1125 2712; x_wconf 79' lang='lat' dir='ltr'>redolent,</span> <span class='ocrx_word' id='word_1_69' title='bbox 1141 2649 1174 2699; x_wconf 90' lang='lat' dir='ltr'>et</span> <span class='ocrx_word' id='word_1_70' title='bbox 1190 2635 1357 2720; x_wconf 86' lang='lat' dir='ltr'>multiplici</span> 
     </span>
     <span class='ocr_line' id='line_1_13' title="bbox 402 2736 1357 2824; baseline 0 -23"><span class='ocrx_word' id='word_1_71' title='bbox 402 2745 436 2801; x_wconf 81' lang='lat' dir='ltr'>st</span> <span class='ocrx_word' id='word_1_72' title='bbox 462 2736 585 2822; x_wconf 78' lang='lat' dir='ltr'>patenti</span> <span class='ocrx_word' id='word_1_73' title='bbox 608 2746 823 2823; x_wconf 62' lang='lat' dir='ltr'>protestantur</span> <span class='ocrx_word' id='word_1_74' title='bbox 848 2736 983 2818; x_wconf 80' lang='lat' dir='ltr'>indici93</span> <span class='ocrx_word' id='word_1_75' title='bbox 1010 2738 1096 2824; x_wconf 91' lang='lat' dir='ltr'>quod</span> <span class='ocrx_word' id='word_1_76' title='bbox 1118 2738 1159 2801; x_wconf 88' lang='lat' dir='ltr'>da</span> <span class='ocrx_word' id='word_1_77' title='bbox 1181 2738 1357 2802; x_wconf 85' lang='lat' dir='ltr'>abundanti</span> 
     </span>
     <span class='ocr_line' id='line_1_14' title="bbox 403 2838 1357 2926; baseline -0.001 -22"><span class='ocrx_word' id='word_1_78' title='bbox 403 2838 556 2905; x_wconf 85' lang='lat' dir='ltr'>virtutum</span> <span class='ocrx_word' id='word_1_79' title='bbox 573 2851 607 2903; x_wconf 89' lang='lat' dir='ltr'>et</span> <span class='ocrx_word' id='word_1_80' title='bbox 621 2838 798 2903; x_wconf 89' lang='lat' dir='ltr'>litteramm</span> <span class='ocrx_word' id='word_1_81' title='bbox 809 2840 1027 2926; x_wconf 86' lang='lat' dir='ltr'>promptuario</span> <span class='ocrx_word' id='word_1_82' title='bbox 1038 2852 1265 2926; x_wconf 84' lang='lat' dir='ltr'>processerunt.</span> <span class='ocrx_word' id='word_1_83' title='bbox 1292 2842 1357 2904; x_wconf 88' lang='lat' dir='ltr'>Sed</span> 
     </span>
     <span class='ocr_line' id='line_1_15' title="bbox 403 2940 1355 3028; baseline -0.001 -21"><span class='ocrx_word' id='word_1_84' title='bbox 403 2964 463 3007; x_wconf 90' lang='lat' dir='ltr'>nec</span> <span class='ocrx_word' id='word_1_85' title='bbox 485 2954 590 3006; x_wconf 91' lang='lat' dir='ltr'>orator</span> <span class='ocrx_word' id='word_1_86' title='bbox 612 2940 674 3005; x_wconf 90' lang='lat' dir='ltr'>illis</span> <span class='ocrx_word' id='word_1_87' title='bbox 696 2940 851 3006; x_wconf 88' lang='lat' dir='ltr'>cudendis</span> <span class='ocrx_word' id='word_1_88' title='bbox 872 2941 986 3019; x_wconf 81' lang='lat' dir='ltr'>defuit,</span> <span class='ocrx_word' id='word_1_89' title='bbox 1012 2955 1069 3008; x_wconf 86' lang='lat' dir='ltr'>aut</span> <span class='ocrx_word' id='word_1_90' title='bbox 1092 2942 1277 3019; x_wconf 88' lang='lat' dir='ltr'>condendis,</span> <span class='ocrx_word' id='word_1_91' title='bbox 1301 2945 1355 3028; x_wconf 87' lang='lat' dir='ltr'>qui</span> 
     </span>
     <span class='ocr_line' id='line_1_16' title="bbox 403 3043 1358 3132; baseline -0.001 -22"><span class='ocrx_word' id='word_1_92' title='bbox 403 3045 490 3132; x_wconf 92' lang='lat' dir='ltr'>quod</span> <span class='ocrx_word' id='word_1_93' title='bbox 505 3044 585 3109; x_wconf 89' lang='lat' dir='ltr'>ratio</span> <span class='ocrx_word' id='word_1_94' title='bbox 600 3043 829 3131; x_wconf 85' lang='lat' dir='ltr'>philosophica,</span> <span class='ocrx_word' id='word_1_95' title='bbox 845 3055 879 3108; x_wconf 90' lang='lat' dir='ltr'>at</span> <span class='ocrx_word' id='word_1_96' title='bbox 901 3044 1092 3111; x_wconf 74' lang='lat' dir='ltr'>Christianae</span> <span class='ocrx_word' id='word_1_97' title='bbox 1112 3044 1272 3129; x_wconf 87' lang='lat' dir='ltr'>religionis</span> <span class='ocrx_word' id='word_1_98' title='bbox 1287 3067 1358 3130; x_wconf 90' lang='lat' dir='ltr'>pro·</span> 
     </span>
     <span class='ocr_line' id='line_1_17' title="bbox 402 3146 1355 3232; baseline -0.002 -21"><span class='ocrx_word' id='word_1_99' title='bbox 402 3146 495 3213; x_wconf 79' lang='lat' dir='ltr'>sessio</span> <span class='ocrx_word' id='word_1_100' title='bbox 510 3147 711 3231; x_wconf 82' lang='lat' dir='ltr'>suggerebat,</span> <span class='ocrx_word' id='word_1_101' title='bbox 725 3146 940 3211; x_wconf 84' lang='lat' dir='ltr'>efficacissimo</span> <span class='ocrx_word' id='word_1_102' title='bbox 956 3147 1119 3232; x_wconf 85' lang='lat' dir='ltr'>persuasit.</span> <span class='ocrx_word' id='word_1_103' title='bbox 1145 3148 1257 3230; x_wconf 84' lang='lat' dir='ltr'>Viguit</span> <span class='ocrx_word' id='word_1_104' title='bbox 1271 3147 1355 3210; x_wconf 91' lang='lat' dir='ltr'>enim</span> 
     </span>
     <span class='ocr_line' id='line_1_18' title="bbox 402 3248 1357 3336; baseline -0.002 -23"><span class='ocrx_word' id='word_1_105' title='bbox 402 3271 460 3336; x_wconf 90' lang='lat' dir='ltr'>par</span> <span class='ocrx_word' id='word_1_106' title='bbox 487 3248 622 3332; x_wconf 82' lang='lat' dir='ltr'>gratiam</span> <span class='ocrx_word' id='word_1_107' title='bbox 657 3248 755 3313; x_wconf 88' lang='lat' dir='ltr'>dictio</span> <span class='ocrx_word' id='word_1_108' title='bbox 789 3248 933 3334; x_wconf 86' lang='lat' dir='ltr'>apposita</span> <span class='ocrx_word' id='word_1_109' title='bbox 968 3249 1008 3312; x_wconf 86' lang='lat' dir='ltr'>ad</span> <span class='ocrx_word' id='word_1_110' title='bbox 1046 3249 1293 3334; x_wconf 89' lang='lat' dir='ltr'>persuasionem,</span> <span class='ocrx_word' id='word_1_111' title='bbox 1324 3268 1357 3311; x_wconf 88' lang='lat' dir='ltr'>et</span> 
     </span>
     <span class='ocr_line' id='line_1_19' title="bbox 401 3348 1355 3435; baseline -0.006 -18"><span class='ocrx_word' id='word_1_112' title='bbox 401 3362 533 3417; x_wconf 87' lang='lat' dir='ltr'>eatenus</span> <span class='ocrx_word' id='word_1_113' title='bbox 548 3350 633 3435; x_wconf 92' lang='lat' dir='ltr'>cepit</span> <span class='ocrx_word' id='word_1_114' title='bbox 651 3360 685 3413; x_wconf 88' lang='lat' dir='ltr'>et</span> <span class='ocrx_word' id='word_1_115' title='bbox 706 3348 840 3435; x_wconf 85' lang='lat' dir='ltr'>proiecit</span> <span class='ocrx_word' id='word_1_116' title='bbox 859 3349 891 3413; x_wconf 91' lang='lat' dir='ltr'>iu</span> <span class='ocrx_word' id='word_1_117' title='bbox 909 3371 972 3428; x_wconf 88' lang='lat' dir='ltr'>me,</span> <span class='ocrx_word' id='word_1_118' title='bbox 989 3363 1026 3413; x_wconf 93' lang='lat' dir='ltr'>ut</span> <span class='ocrx_word' id='word_1_119' title='bbox 1040 3351 1081 3413; x_wconf 88' lang='lat' dir='ltr'>da</span> <span class='ocrx_word' id='word_1_120' title='bbox 1099 3362 1216 3413; x_wconf 83' lang='lat' dir='ltr'>caetero</span> <span class='ocrx_word' id='word_1_121' title='bbox 1237 3350 1355 3435; x_wconf 88' lang='lat' dir='ltr'>pigeat,</span> 
     </span>
     <span class='ocr_line' id='line_1_20' title="bbox 403 3451 1358 3536; baseline -0.005 -17"><span class='ocrx_word' id='word_1_122' title='bbox 403 3454 429 3519; x_wconf 88' lang='lat' dir='ltr'>si</span> <span class='ocrx_word' id='word_1_123' title='bbox 460 3455 540 3519; x_wconf 82' lang='lat' dir='ltr'>sorte</span> <span class='ocrx_word' id='word_1_124' title='bbox 564 3476 604 3517; x_wconf 85' lang='lat' dir='ltr'>ex</span> <span class='ocrx_word' id='word_1_125' title='bbox 630 3452 815 3517; x_wconf 87' lang='lat' dir='ltr'>infirmitate</span> <span class='ocrx_word' id='word_1_126' title='bbox 842 3451 1011 3536; x_wconf 89' lang='lat' dir='ltr'>contigerit</span> <span class='ocrx_word' id='word_1_127' title='bbox 1035 3451 1241 3516; x_wconf 85' lang='lat' dir='ltr'>acerbitatem</span> <span class='ocrx_word' id='word_1_128' title='bbox 1268 3451 1358 3514; x_wconf 87' lang='lat' dir='ltr'>exilii</span> 
     </span>
     <span class='ocr_line' id='line_1_21' title="bbox 405 3553 1359 3642; baseline -0.003 -21"><span class='ocrx_word' id='word_1_129' title='bbox 405 3557 580 3631; x_wconf 88' lang='lat' dir='ltr'>nominare,</span> <span class='ocrx_word' id='word_1_130' title='bbox 596 3566 630 3620; x_wconf 92' lang='lat' dir='ltr'>et</span> <span class='ocrx_word' id='word_1_131' title='bbox 651 3556 781 3620; x_wconf 90' lang='lat' dir='ltr'>omnino</span> <span class='ocrx_word' id='word_1_132' title='bbox 804 3555 923 3642; x_wconf 87' lang='lat' dir='ltr'>pudeat</span> <span class='ocrx_word' id='word_1_133' title='bbox 945 3553 1134 3621; x_wconf 86' lang='lat' dir='ltr'>nominasse.</span> <span class='ocrx_word' id='word_1_134' title='bbox 1180 3553 1264 3617; x_wconf 88' lang='lat' dir='ltr'>Nam</span> <span class='ocrx_word' id='word_1_135' title='bbox 1284 3553 1359 3618; x_wconf 88' lang='lat' dir='ltr'>licet</span> 
     </span>
     <span class='ocr_line' id='line_1_22' title="bbox 404 3654 1358 3743; baseline -0.005 -21"><span class='ocrx_word' id='word_1_136' title='bbox 404 3657 491 3722; x_wconf 83' lang='lat' dir='ltr'>exilii</span> <span class='ocrx_word' id='word_1_137' title='bbox 517 3670 658 3743; x_wconf 86' lang='lat' dir='ltr'>quartus,</span> <span class='ocrx_word' id='word_1_138' title='bbox 685 3671 719 3719; x_wconf 86' lang='lat' dir='ltr'>et</span> <span class='ocrx_word' id='word_1_139' title='bbox 745 3655 981 3742; x_wconf 89' lang='lat' dir='ltr'>proscriptionis</span> <span class='ocrx_word' id='word_1_140' title='bbox 1004 3677 1087 3719; x_wconf 81' lang='lat' dir='ltr'>meac</span> <span class='ocrx_word' id='word_1_141' title='bbox 1113 3654 1225 3719; x_wconf 88' lang='lat' dir='ltr'>tertius</span> <span class='ocrx_word' id='word_1_142' title='bbox 1246 3669 1358 3739; x_wconf 88' lang='lat' dir='ltr'>agatur</span> 
     </span>
     <span class='ocr_line' id='line_1_23' title="bbox 404 3756 1358 3845; baseline -0.003 -21"><span class='ocrx_word' id='word_1_143' title='bbox 404 3781 516 3837; x_wconf 88' lang='lat' dir='ltr'>annus,</span> <span class='ocrx_word' id='word_1_144' title='bbox 534 3761 603 3845; x_wconf 87' lang='lat' dir='ltr'>jam</span> <span class='ocrx_word' id='word_1_145' title='bbox 626 3758 754 3822; x_wconf 89' lang='lat' dir='ltr'>turbina</span> <span class='ocrx_word' id='word_1_146' title='bbox 777 3758 914 3821; x_wconf 85' lang='lat' dir='ltr'>sortuuae</span> <span class='ocrx_word' id='word_1_147' title='bbox 937 3758 1043 3822; x_wconf 89' lang='lat' dir='ltr'>minus</span> <span class='ocrx_word' id='word_1_148' title='bbox 1066 3756 1169 3822; x_wconf 82' lang='lat' dir='ltr'>indies</span> <span class='ocrx_word' id='word_1_149' title='bbox 1195 3759 1358 3822; x_wconf 89' lang='lat' dir='ltr'>concutior</span> 
     </span>
     <span class='ocr_line' id='line_1_24' title="bbox 404 3858 1358 3944; baseline -0.003 -18"><span class='ocrx_word' id='word_1_150' title='bbox 404 3873 460 3926; x_wconf 87' lang='lat' dir='ltr'>aut</span> <span class='ocrx_word' id='word_1_151' title='bbox 475 3884 604 3926; x_wconf 88' lang='lat' dir='ltr'>moveor</span> <span class='ocrx_word' id='word_1_152' title='bbox 617 3858 753 3938; x_wconf 83' lang='lat' dir='ltr'>damnis,</span> <span class='ocrx_word' id='word_1_153' title='bbox 765 3859 907 3944; x_wconf 83' lang='lat' dir='ltr'>profecto</span> <span class='ocrx_word' id='word_1_154' title='bbox 922 3860 1024 3923; x_wconf 89' lang='lat' dir='ltr'>sciens</span> <span class='ocrx_word' id='word_1_155' title='bbox 1039 3881 1214 3944; x_wconf 90' lang='lat' dir='ltr'>numquam</span> <span class='ocrx_word' id='word_1_156' title='bbox 1231 3860 1263 3923; x_wconf 91' lang='lat' dir='ltr'>in</span> <span class='ocrx_word' id='word_1_157' title='bbox 1280 3861 1358 3923; x_wconf 89' lang='lat' dir='ltr'>mais</span> 
     </span>
     <span class='ocr_line' id='line_1_25' title="bbox 405 3960 1357 4049; baseline -0.003 -22"><span class='ocrx_word' id='word_1_158' title='bbox 405 3964 500 4029; x_wconf 80' lang='lat' dir='ltr'>fuisse</span> <span class='ocrx_word' id='word_1_159' title='bbox 516 3965 607 4028; x_wconf 90' lang='lat' dir='ltr'>bonis</span> <span class='ocrx_word' id='word_1_160' title='bbox 622 3983 695 4049; x_wconf 88' lang='lat' dir='ltr'>quae</span> <span class='ocrx_word' id='word_1_161' title='bbox 711 3974 776 4025; x_wconf 91' lang='lat' dir='ltr'>tam</span> <span class='ocrx_word' id='word_1_162' title='bbox 793 3960 885 4023; x_wconf 84' lang='lat' dir='ltr'>facile</span> <span class='ocrx_word' id='word_1_163' title='bbox 910 3960 1057 4024; x_wconf 89' lang='lat' dir='ltr'>inimicus</span> <span class='ocrx_word' id='word_1_164' title='bbox 1077 3962 1223 4024; x_wconf 78' lang='lat' dir='ltr'>extorsit:</span> <span class='ocrx_word' id='word_1_165' title='bbox 1248 3976 1280 4024; x_wconf 90' lang='lat' dir='ltr'>et</span> <span class='ocrx_word' id='word_1_166' title='bbox 1295 3962 1357 4024; x_wconf 85' lang='lat' dir='ltr'>ior-</span> 
     </span>
     <span class='ocr_line' id='line_1_26' title="bbox 403 4061 1357 4146; baseline -0.009 -13"><span class='ocrx_word' id='word_1_167' title='bbox 403 4076 487 4132; x_wconf 88' lang='lat' dir='ltr'>tasse</span> <span class='ocrx_word' id='word_1_168' title='bbox 504 4068 619 4131; x_wconf 86' lang='lat' dir='ltr'>rectius</span> <span class='ocrx_word' id='word_1_169' title='bbox 634 4064 772 4129; x_wconf 89' lang='lat' dir='ltr'>amicum</span> <span class='ocrx_word' id='word_1_170' title='bbox 794 4062 939 4137; x_wconf 79' lang='lat' dir='ltr'>dixerim,</span> <span class='ocrx_word' id='word_1_171' title='bbox 956 4062 1010 4146; x_wconf 89' lang='lat' dir='ltr'>qui</span> <span class='ocrx_word' id='word_1_172' title='bbox 1034 4061 1141 4124; x_wconf 91' lang='lat' dir='ltr'>oculos</span> <span class='ocrx_word' id='word_1_173' title='bbox 1156 4084 1243 4125; x_wconf 89' lang='lat' dir='ltr'>meos</span> <span class='ocrx_word' id='word_1_174' title='bbox 1258 4062 1357 4145; x_wconf 86' lang='lat' dir='ltr'>phan-</span> 
     </span>
     <span class='ocr_line' id='line_1_27' title="bbox 403 4162 1357 4248; baseline -0.004 -18"><span class='ocrx_word' id='word_1_175' title='bbox 403 4167 522 4231; x_wconf 83' lang='lat' dir='ltr'>tasticis</span> <span class='ocrx_word' id='word_1_176' title='bbox 547 4167 683 4231; x_wconf 84' lang='lat' dir='ltr'>sortunae</span> <span class='ocrx_word' id='word_1_177' title='bbox 705 4164 850 4229; x_wconf 92' lang='lat' dir='ltr'>ludibriis</span> <span class='ocrx_word' id='word_1_178' title='bbox 873 4163 1064 4248; x_wconf 77' lang='lat' dir='ltr'>praestrictos</span> <span class='ocrx_word' id='word_1_179' title='bbox 1085 4162 1219 4248; x_wconf 87' lang='lat' dir='ltr'>aperuit,</span> <span class='ocrx_word' id='word_1_180' title='bbox 1242 4175 1276 4225; x_wconf 88' lang='lat' dir='ltr'>et</span> <span class='ocrx_word' id='word_1_181' title='bbox 1302 4183 1357 4226; x_wconf 79' lang='lat' dir='ltr'>er·</span> 
     </span>
     <span class='ocr_line' id='line_1_28' title="bbox 404 4264 1355 4349; baseline -0.004 -18"><span class='ocrx_word' id='word_1_182' title='bbox 404 4269 501 4332; x_wconf 90' lang='lat' dir='ltr'>cussis</span> <span class='ocrx_word' id='word_1_183' title='bbox 523 4267 694 4331; x_wconf 88' lang='lat' dir='ltr'>curialibus</span> <span class='ocrx_word' id='word_1_184' title='bbox 717 4266 820 4349; x_wconf 86' lang='lat' dir='ltr'>nugis,</span> <span class='ocrx_word' id='word_1_185' title='bbox 842 4277 876 4329; x_wconf 89' lang='lat' dir='ltr'>at</span> <span class='ocrx_word' id='word_1_186' title='bbox 896 4264 1054 4328; x_wconf 86' lang='lat' dir='ltr'>illecebris</span> <span class='ocrx_word' id='word_1_187' title='bbox 1069 4264 1279 4348; x_wconf 84' lang='lat' dir='ltr'>voluptatum,</span> <span class='ocrx_word' id='word_1_188' title='bbox 1303 4286 1355 4327; x_wconf 86' lang='lat' dir='ltr'>ma</span> 
     </span>
     <span class='ocr_line' id='line_1_29' title="bbox 405 4365 1356 4455; baseline -0.003 -23"><span class='ocrx_word' id='word_1_189' title='bbox 405 4368 435 4433; x_wconf 91' lang='lat' dir='ltr'>in</span> <span class='ocrx_word' id='word_1_190' title='bbox 451 4371 536 4434; x_wconf 85' lang='lat' dir='ltr'>viam</span> <span class='ocrx_word' id='word_1_191' title='bbox 551 4369 676 4433; x_wconf 83' lang='lat' dir='ltr'>virtutis</span> <span class='ocrx_word' id='word_1_192' title='bbox 693 4369 833 4455; x_wconf 87' lang='lat' dir='ltr'>impulit,</span> <span class='ocrx_word' id='word_1_193' title='bbox 854 4379 886 4431; x_wconf 89' lang='lat' dir='ltr'>at</span> <span class='ocrx_word' id='word_1_194' title='bbox 909 4366 1198 4452; x_wconf 90' lang='lat' dir='ltr'>philosophantium</span> <span class='ocrx_word' id='word_1_195' title='bbox 1221 4365 1356 4429; x_wconf 88' lang='lat' dir='ltr'>coetibus</span> 
     </span>
    </p>

    <p class='ocr_par' dir='ltr' id='par_1_6' title="bbox 404 4468 1357 4862">
     <span class='ocr_line' id='line_1_30' title="bbox 445 4468 1357 4556; baseline -0.005 -21"><span class='ocrx_word' id='word_1_196' title='bbox 445 4471 595 4556; x_wconf 85' lang='lat' dir='ltr'>gregavit.</span> <span class='ocrx_word' id='word_1_197' title='bbox 621 4468 1183 4556; x_wconf 86' lang='lat' dir='ltr'>Longeergoliberior,quamquum</span> <span class='ocrx_word' id='word_1_198' title='bbox 1193 4468 1357 4531; x_wconf 88' lang='lat' dir='ltr'>mundana</span> 
     </span>
     <span class='ocr_line' id='line_1_31' title="bbox 404 4569 1357 4657; baseline -0.003 -21"><span class='ocrx_word' id='word_1_199' title='bbox 404 4570 600 4657; x_wconf 87' lang='lat' dir='ltr'>supellectile</span> <span class='ocrx_word' id='word_1_200' title='bbox 623 4585 657 4636; x_wconf 90' lang='lat' dir='ltr'>ct</span> <span class='ocrx_word' id='word_1_201' title='bbox 678 4571 843 4636; x_wconf 88' lang='lat' dir='ltr'>sarcinulis</span> <span class='ocrx_word' id='word_1_202' title='bbox 864 4571 1066 4636; x_wconf 80' lang='lat' dir='ltr'>fortuitorum</span> <span class='ocrx_word' id='word_1_203' title='bbox 1088 4593 1261 4657; x_wconf 86' lang='lat' dir='ltr'>premerer,</span> <span class='ocrx_word' id='word_1_204' title='bbox 1282 4569 1357 4633; x_wconf 83' lang='lat' dir='ltr'>loeta</span> 
     </span>
     <span class='ocr_line' id='line_1_32' title="bbox 405 4669 1357 4759; baseline -0.003 -23"><span class='ocrx_word' id='word_1_205' title='bbox 405 4674 535 4758; x_wconf 89' lang='lat' dir='ltr'>quidem</span> <span class='ocrx_word' id='word_1_206' title='bbox 551 4674 743 4756; x_wconf 89' lang='lat' dir='ltr'>conditione,</span> <span class='ocrx_word' id='word_1_207' title='bbox 758 4697 799 4739; x_wconf 89' lang='lat' dir='ltr'>ne</span> <span class='ocrx_word' id='word_1_208' title='bbox 821 4673 924 4738; x_wconf 89' lang='lat' dir='ltr'>dicam</span> <span class='ocrx_word' id='word_1_209' title='bbox 942 4685 1140 4759; x_wconf 85' lang='lat' dir='ltr'>paupertate,</span> <span class='ocrx_word' id='word_1_210' title='bbox 1155 4672 1240 4759; x_wconf 91' lang='lat' dir='ltr'>quod</span> <span class='ocrx_word' id='word_1_211' title='bbox 1256 4669 1357 4758; x_wconf 88' lang='lat' dir='ltr'>philo·</span> 
     </span>
     <span class='ocr_line' id='line_1_33' title="bbox 405 4774 901 4862; baseline 0.008 -26"><span class='ocrx_word' id='word_1_212' title='bbox 405 4774 515 4855; x_wconf 85' lang='lat' dir='ltr'>sophia</span> <span class='ocrx_word' id='word_1_213' title='bbox 529 4776 638 4855; x_wconf 81' lang='lat' dir='ltr'>dictat,</span> <span class='ocrx_word' id='word_1_214' title='bbox 654 4779 808 4862; x_wconf 82' lang='lat' dir='ltr'>experior,</span> <span class='ocrx_word' id='word_1_215' title='bbox 825 4775 901 4862; x_wconf 90' lang='lat' dir='ltr'>quia</span> 
     </span>
    </p>

    <p class='ocr_par' dir='ltr' id='par_1_7' title="bbox 615 4882 1022 4954">
     <span class='ocr_line' id='line_1_34' title="bbox 615 4882 1022 4954; baseline -0.002 -21"><span class='ocrx_word' id='word_1_216' title='bbox 615 4884 699 4936; x_wconf 85' lang='lat' dir='ltr'>Omne</span> <span class='ocrx_word' id='word_1_217' title='bbox 710 4884 793 4937; x_wconf 87' lang='lat' dir='ltr'>solum</span> <span class='ocrx_word' id='word_1_218' title='bbox 805 4882 863 4935; x_wconf 85' lang='lat' dir='ltr'>forti</span> <span class='ocrx_word' id='word_1_219' title='bbox 876 4884 960 4954; x_wconf 82' lang='lat' dir='ltr'>patria</span> <span class='ocrx_word' id='word_1_220' title='bbox 973 4890 1022 4944; x_wconf 85' lang='lat' dir='ltr'>cat,</span> 
     </span>
    </p>
   </div>
   <div class='ocr_carea' id='block_1_6' title="bbox 0 0 1656 6434">
    <p class='ocr_par' dir='ltr' id='par_1_8' title="bbox 0 0 1656 6434">
     <span class='ocr_line' id='line_1_35' title="bbox 0 0 1656 6434; baseline 0 0"><span class='ocrx_word' id='word_1_221' title='bbox 0 0 1656 6434; x_wconf 95' lang='lat' dir='ltr'> </span> 
     </span>
    </p>
   </div>
  </div>
 </body>
</html>
