3300 6434
418 1220 459 1277 54
676 1231 813 1276 roassns
829 1229 1105 1275 ssarsnnmnnsis
1274 1211 1318 1293 [s.
1339 1232 1369 1277 n.

419 1382 459 1446 ad
481 1382 550 1446 hoee
565 1395 685 1446 mentes
708 1381 885 1457 hominum,
900 1394 932 1445 et
947 1380 988 1444 ad
1008 1380 1197 1445 conditionis
1212 1401 1278 1444 suae
1291 1380 1374 1444 noti-

420 1483 495 1546 tiam
514 1483 714 1548 reducentur.

495 1744 720 1810 EPISTOLA
742 1747 908 1810 LIL-sn
923 1764 1082 1810 cunntcos
1099 1764 1294 1809 exoniensis

810 1864 988 1910 accusata.

597 2005 649 2068 Ad
661 2005 825 2087 Populum
842 2005 975 2068 Pastore
990 2006 1189 2068 destitutum.

461 2163 569 2227 Licnr
584 2160 713 2225 orbitati
726 2173 840 2225 vestrae
854 2180 987 2247 paterno
1002 2163 1231 2248 compatiamur
1246 2162 1373 2238 affectu,

417 2285 568 2346 magnum
584 2274 688 2325 tamen
705 2284 745 2324 ex
761 2284 798 2325 eo
813 2261 959 2347 concepti
979 2263 1096 2325 doloris
1119 2264 1271 2326 habemus
1292 2264 1372 2327 sola·

416 2364 509 2438 tium,
526 2363 611 2448 quod
634 2363 763 2426 beatum
787 2376 909 2446 patrem
933 2377 1073 2427 vestrum
1090 2364 1131 2426 ad
1153 2388 1290 2449 superna
1314 2368 1371 2429 mi-

415 2488 524 2550 grasse
545 2464 743 2541 coufidimns‚
765 2476 796 2526 et
823 2462 910 2548 apud
935 2479 1056 2547 patrem
1085 2465 1369 2530 misericordiarum

416 2566 516 2630 solitis
531 2566 688 2650 precibus,
699 2564 752 2627 sed
766 2564 903 2626 efficacia
915 2564 1037 2649 majori,
1050 2567 1239 2649 patrocinari
1254 2569 1370 2651 poterit

416 2680 448 2731 et
464 2667 554 2730 nohis
569 2683 601 2731 et
617 2666 713 2731 vobis.
749 2668 910 2731 Caeterum
928 2664 1003 2751 quia
1019 2666 1085 2728 sine
1100 2666 1239 2749 periculo
1254 2667 1372 2729 anima-

415 2792 499 2842 rum,
515 2790 685 2854 rerumque
708 2767 886 2852 dispendio,
902 2768 1042 2831 viduitas
1061 2764 1199 2830 ecelesiae
1219 2766 1370 2832 desolatas

416 2870 566 2957 protelari
589 2893 651 2933 non
674 2883 789 2955 potest,
812 2869 974 2934 caritatem
999 2883 1133 2933 vestram
1155 2892 1315 2953 rogamus,
1336 2884 1368 2934 et

415 2970 622 3035 exhortamur
633 2969 664 3032 in
677 2969 827 3046 Domino,
842 2985 877 3035 ut
889 2971 1029 3056 idipsum
1046 2974 1185 3057 sapiatis,
1198 2986 1230 3035 et
1244 2994 1368 3035 omnem

416 3070 634 3135 scandalorum
650 3083 682 3134 et
704 3070 881 3135 schismatis
894 3073 1089 3136 occasionem
1109 3077 1194 3137 omni
1209 3096 1280 3136 cum
1298 3072 1369 3135 dili-

414 3171 523 3257 gentia
532 3170 708 3247 declinetis,
719 3170 1111 3237 incedentesunanimesin
1122 3177 1217 3237 domo
1227 3174 1368 3249 Domini,

413 3285 446 3338 et
463 3296 538 3359 quae
557 3275 634 3338 Jesu
657 3271 777 3338 Christi
799 3285 884 3351 sunt,
907 3273 1038 3358 privatis
1060 3274 1232 3336 commodis
1254 3274 1368 3359 praefe-

412 3387 527 3440 rentes.
560 3377 634 3449 Quo
647 3396 732 3450 vero,
748 3372 830 3436 sicut
841 3386 978 3459 oportet,
990 3374 1116 3459 possitis
1127 3374 1158 3438 in
1172 3376 1368 3459 providendo

413 3476 504 3542 vobis
517 3491 641 3563 pastore
656 3474 836 3562 procedere,
849 3475 1050 3562 praecipimus
1064 3490 1223 3562 quatenus
1237 3476 1277 3539 ad
1293 3500 1369 3540 con·

415 3579 601 3644 servandam
617 3577 757 3645 ecclesiae
778 3599 899 3663 pacem,
916 3579 1079 3643 dominum
1101 3602 1219 3663 regem,
1235 3578 1368 3643 honesta

414 3678 455 3741 de
470 3678 603 3760 collegio
615 3694 719 3744 vestro
733 3681 891 3764 legatione
907 3680 1099 3758 transmissa,
1112 3680 1243 3757 adeatis,
1260 3704 1367 3766 preces

415 3778 444 3839 ei
465 3776 631 3839 devotione
650 3778 760 3843 debita
779 3784 987 3866 porrigentes,
1004 3798 1040 3848 ut
1060 3784 1207 3847 canonice
1228 3782 1366 3867 eligendi

416 3877 508 3941 vobis
534 3890 691 3962 pastorem
720 3877 898 3943 libertatem
924 3885 1086 3963 concedat,
1108 3902 1140 3950 et
1166 3886 1368 3950 destitutioni

413 3976 563 4054 ecclesia,
579 4000 626 4055 ea,
642 3997 717 4061 quoe
733 3976 950 4041 Christianum
966 3982 1140 4066 principem
1156 3983 1259 4059 decet,
1276 3987 1366 4050 mise-

413 4081 533 4146 ratione
548 4078 724 4168 provideat.

485 4335 707 4401 EPISTOLA
731 4334 913 4397 Luta-sn
927 4349 1157 4396 acnxsuunun
1174 4351 1294 4397 rsesn.

651 4495 789 4557 Domino
804 4493 906 4574 Papae
922 4492 1120 4554 Alaarndro.

451 4632 683 4692 Vnnsusalnts
704 4628 802 4690 frater
824 4640 931 4689 noster
954 4624 1130 4687 Mauricius
1151 4629 1363 4710 Bangorensis

409 4729 588 4814 episcopus,
601 4728 753 4791 facultate
768 4741 799 4789 et
807 4725 1004 4810 possessione
1022 4726 1133 4805 tenuis,
1143 4728 1197 4792 sed
1214 4731 1362 4814 opinione

408 4842 515 4895 nostra
532 4828 580 4891 vir
594 4828 770 4913 religiosus,
786 4840 817 4889 et
841 4827 954 4889 timens
978 4826 1163 4904 Dominum,
1187 4830 1361 4905 ecclesiam,
