3300 6434
433 1203 497 1263 tot
668 1212 804 1257 sossius
820 1210 1098 1256 suaasanarsnsrs
1293 1197 1337 1275 [a.
1355 1217 1384 1258 n.

435 1387 554 1444 corum,
585 1386 678 1449 quam
709 1364 870 1428 continuis
895 1362 959 1426 fere
991 1363 1105 1426 diebus
1134 1364 1240 1439 audio,
1267 1387 1385 1429 concu-

435 1466 554 1530 tiuntur
568 1466 677 1528 omnia
691 1466 813 1528 viscera
827 1486 915 1539 mea;
931 1484 1037 1527 rernm
1053 1466 1141 1529 nulla
1155 1464 1273 1529 doloris
1287 1488 1385 1530 causa

435 1567 589 1631 valentior
602 1575 658 1629 aut
673 1566 840 1629 violentior
860 1576 908 1629 est
931 1586 1025 1649 quarn
1048 1566 1137 1630 haec:
1165 1554 1313 1651 quoniam
1338 1569 1386 1630 vis

435 1668 571 1731 turbinis
584 1667 680 1749 hujus
699 1666 909 1749 quorumdam
930 1668 1100 1741 mentibus,
1117 1669 1157 1731 de
1175 1670 1292 1753 quibus
1308 1691 1384 1733 coo·

435 1768 587 1842 fidebam,
608 1779 641 1830 et
660 1769 716 1850 qni
732 1766 922 1832 videbantur
940 1767 1063 1852 aliquid
1082 1791 1163 1842 esse,
1180 1771 1333 1848 excussit,
1348 1783 1382 1833 ut

433 1889 564 1952 operum
577 1869 759 1932 testimonio
770 1868 982 1944 convincitur,
994 1870 1169 1934 caritatem.
1200 1872 1245 1933 Et
1256 1872 1317 1934 hoc
1326 1883 1385 1951 est,

434 1969 634 2047 amicissime,
644 1968 730 2054 quod
743 1968 775 2031 in
788 1969 919 2034 auribus
928 1970 1003 2046 tuis,
1014 1991 1110 2053 quem
1122 1970 1186 2032 illis
1198 1969 1384 2034 dissimilem

435 2070 558 2154 opinor,
573 2069 715 2155 deploro,
731 2070 818 2155 quod
835 2071 971 2134 colorem
989 2071 1145 2153 optimum
1162 2071 1256 2134 video
1271 2071 1382 2135 immu-

382 2203 394 2218 ι
434 2181 548 2248 tatum,
562 2181 595 2235 et
609 2181 775 2253 argentum
798 2170 940 2235 fidelium
958 2192 1082 2235 versum
1102 2192 1173 2235 csse
1188 2172 1222 2234 in
1238 2174 1382 2236 scoriam.

435 2272 561 2346 Qnaeris
580 2274 710 2337 sortasse
728 2272 813 2336 unde
833 2272 896 2336 ista
910 2272 1091 2357 conjiciam.
1137 2272 1188 2334 Ad
1204 2272 1290 2356 quod
1305 2295 1384 2353 ego:

436 2375 491 2437 Ex
510 2396 549 2437 eo
571 2374 641 2437 lroec
663 2394 727 2435 non
751 2373 900 2455 conjicio,
915 2371 971 2437 sed
993 2372 1164 2451 convinco,
1179 2372 1263 2456 quod
1287 2396 1384 2457 quum

435 2475 554 2537 multos
569 2473 691 2537 amicos
705 2474 871 2537 habuerim
886 2474 921 2536 in
936 2474 1096 2557 prosperis
1111 2474 1312 2553 constitutus,
1329 2474 1383 2537 vix

435 2593 518 2637 unus
532 2586 565 2636 et
579 2575 659 2638 alter
672 2573 793 2635 inventi
808 2584 893 2651 sunt,
903 2574 958 2659 qui
973 2574 1007 2636 in
1021 2572 1171 2647 adversis,
1187 2584 1223 2636 ut
1237 2575 1383 2653 credunt,

435 2675 586 2758 positum,
601 2686 656 2738 ant
667 2675 766 2737 velint
780 2687 836 2737 aut
849 2675 988 2739 audeant
1002 2676 1152 2738 salutare:
1167 2687 1383 2739 verumtamen

435 2775 678 2838 sisalutationis
701 2773 778 2836 mihi
798 2774 970 2856 impertitae
992 2794 1067 2856 spes
1084 2773 1124 2838 iis
1143 2771 1295 2839 damnosa
1317 2791 1385 2840 erat

435 2874 550 2953 lutura,
564 2876 661 2951 malo,
682 2874 758 2938 dnm
779 2884 887 2937 tamen
909 2874 1025 2938 caritas
1044 2895 1109 2937 non
1131 2875 1336 2958 periclitetur,
1351 2890 1387 2942 ut

435 2996 454 3040 a
475 2976 664 3060 periculosis
684 2975 850 3053 desistant,
870 2996 966 3058 quam
989 2976 1159 3039 occasione
1182 2976 1245 3040 mei
1260 2980 1383 3060 pericli-

434 3086 549 3141 tentur.
580 3077 646 3141 Sed
657 3078 787 3140 fortasse
797 3097 885 3139 meas
896 3077 1038 3159 recipere
1048 3077 1169 3140 litteras
1181 3079 1385 3143 criminosum

435 3191 494 3255 est,
509 3178 601 3242 etsie
617 3188 728 3261 potero
744 3178 889 3240 cohiberi
905 3198 946 3240 nc
960 3178 1111 3254 scribam,
1122 3199 1229 3241 verum
1243 3180 1383 3244 Domino

435 3288 575 3356 auctore,
600 3287 636 3341 ut
662 3279 791 3355 amicos,
817 3289 850 3341 et
875 3280 972 3343 etiam
995 3279 1103 3342 minus
1125 3278 1305 3360 diligentes,
1328 3294 1384 3347 aut

434 3381 566 3445 omnino
580 3380 728 3445 adversos
742 3402 807 3443 non
823 3380 964 3463 diligam,
976 3382 1083 3444 nullus
1097 3381 1214 3464 poterit
1224 3383 1380 3448 inhibere.

435 3484 501 3549 Sed
516 3485 556 3548 de
572 3480 623 3547 his
637 3485 802 3548 hactenns.

479 3588 531 3649 De
551 3596 665 3650 caetcro
682 3607 805 3669 precor,
826 3596 861 3649 ut
881 3586 1008 3648 fratrem
1029 3607 1145 3662 meum,
1161 3587 1216 3670 qui
1230 3598 1262 3649 et
1276 3587 1302 3649 si
1318 3609 1382 3650 non

435 3688 563 3770 plenam
587 3687 731 3767 gratiam,
755 3708 851 3770 quam
881 3707 1046 3770 nunquam
1077 3687 1244 3766 demeruit,
1270 3709 1383 3770 pacem

433 3798 540 3849 tamen
569 3786 690 3848 domini
721 3788 805 3871 regis
833 3786 968 3870 adeptus
991 3798 1049 3866 est,
1073 3788 1192 3852 habeas
1222 3811 1383 3853 commen·

435 3886 554 3963 datum,
577 3897 609 3949 et
635 3885 765 3950 domino
791 3910 863 3952 meo
887 3888 1040 3973 episcopo
1072 3891 1271 3955 Norwicensi
1297 3913 1382 3955 com·

435 3989 587 4053 mandes:
618 3998 649 4051 et
672 3990 822 4072 quoniam
842 3990 921 4053 mihi
942 4001 1006 4053 tres
1027 4011 1151 4053 marcas
1173 3990 1213 4053 de
1235 3992 1382 4074 praesenti

434 4093 515 4156 lesto
538 4091 647 4156 Sancti
668 4091 804 4154 Joannis
824 4090 955 4155 reddere
974 4112 1040 4154 non
1063 4090 1204 4167 auderet,
1220 4113 1334 4175 precor
1348 4107 1384 4156 ut

434 4213 489 4256 eas
504 4212 707 4277 quocumque
721 4190 856 4255 voluerit
877 4190 1006 4254 nomine
1029 4190 1195 4254 transferat
1209 4192 1242 4254 in
1259 4191 1382 4255 fratrem

434 4315 552 4371 meum,
580 4293 657 4376 quia
685 4292 839 4375 quicquid
868 4293 898 4354 ei
928 4292 1005 4355 boni
1035 4291 1155 4369 lecerit,
1180 4292 1300 4374 gratius
1331 4314 1382 4357 ac·

435 4396 583 4477 captabo,
597 4413 693 4477 quam
710 4393 737 4455 si
753 4393 831 4455 mihi
854 4393 888 4456 in
910 4394 1040 4477 propria
1060 4415 1197 4477 persona
1219 4405 1303 4459 esset
1324 4416 1381 4457 ex-

435 4494 582 4559 hibitum.
