3300 6434
348 1247 542 1327 llos-64]
733 1265 912 1313 taurona.
1240 1257 1296 1317 171

344 1438 468 1481 summs
481 1415 681 1491 difficultate,
697 1416 728 1480 in
751 1438 848 1479 manu
872 1416 992 1495 valida,
1007 1432 1039 1481 et
1063 1440 1137 1484 cnm
1154 1420 1301 1505 indigna·

345 1519 431 1583 tione
446 1518 541 1603 regis,
557 1531 589 1582 et
604 1517 746 1582 omnium
768 1540 949 1603 procerum,
960 1519 1151 1603 jamdictam
1172 1544 1300 1587 causam

346 1619 385 1683 ad
402 1641 533 1683 examen
549 1617 797 1682 ecclesiasticum
820 1619 1050 1685 revocavimus.
1097 1622 1206 1698 Quum
1223 1644 1302 1705 ergo

344 1720 630 1785 intervenientibus
645 1719 756 1784 multis
770 1718 977 1785 dilationibus
992 1723 1128 1806 quaestio
1143 1745 1181 1786 ex
1198 1745 1303 1787 neces-

347 1822 439 1887 sitate
455 1831 617 1906 protracta
638 1834 731 1896 esset,
746 1834 779 1885 et
798 1834 898 1902 actor,
921 1824 953 1886 S.
976 1823 1104 1899 scilicet,
1126 1824 1301 1889 secundum

348 1922 561 1986 subtilitatem
591 1921 697 2006 legum
728 1936 761 1986 et
789 1944 947 1987 canonum
974 1923 1209 1989 accusationem
1239 1946 1303 1989 non

347 2035 453 2109 posset
468 2023 613 2108 implere,
635 2022 788 2109 inspectis
808 2024 905 2088 sacris
919 2026 1091 2089 canonibus
1106 2024 1146 2088 de
1169 2026 1302 2090 consilio

346 2123 715 2190 venerabilinmsratrum
726 2136 907 2189 nostrorum
915 2123 1045 2190 Ricardi
1056 2125 1302 2204 Londoniensia,

350 2224 464 2289 Hilarii
476 2226 692 2305 Cicestrensis‚
702 2228 723 2292 J
724 2225 800 2290 ocel.
813 2226 1070 2304 saresberiensis,
1081 2228 1217 2291 Roberti
1232 2228 1302 2291 Ex·

348 2326 485 2390 oniensis
506 2327 739 2413 episcoporum,
760 2338 793 2391 et
806 2327 942 2392 aliorum
965 2329 1145 2414 sapientum
1166 2328 1223 2413 qui
1245 2327 1302 2392 ad·

348 2440 450 2507 crant,
475 2429 550 2515 quia
574 2430 706 2493 verbum
729 2429 817 2493 istud
843 2452 900 2516 per
921 2442 1020 2495 totam
1041 2430 1176 2495 insulam
1197 2428 1304 2498 divul-

348 2530 498 2613 gabatur,
524 2531 681 2617 jamdicto
710 2530 932 2594 archidiacono
954 2530 1175 2615 purgationem
1197 2529 1306 2594 indix-

347 2631 431 2695 imus
455 2632 552 2698 trium
574 2654 669 2696 manu
690 2632 997 2709 archidiaconorum,
1020 2632 1173 2697 adhibitis
1195 2655 1302 2697 secum

347 2731 417 2796 aliis
439 2747 579 2819 quatuor
604 2733 755 2809 diaconis,
779 2732 863 2797 diem
886 2732 1078 2819 praestandae
1101 2733 1303 2819 purgationis

347 2834 570 2920 praefinientes,
581 2858 646 2922 qua
656 2835 841 2899 imminente
851 2833 982 2899 accessit
993 2834 1034 2897 ad
1045 2846 1303 2899 nosmemoratua

347 2936 599 3014 archidiaconus,
629 2937 737 3001 dicens
775 2960 809 3001 se
838 2935 932 2999 malle
967 2935 1177 3000 innocentiam
1213 2958 1302 3000 suam

348 3037 565 3102 demonstrare
580 3042 613 3102 in
628 3038 707 3102 facie
723 3037 862 3101 ecclesioe
883 3040 1048 3114 Romanas,
1064 3036 1104 3101 ad
1120 3060 1216 3124 quam
1234 3059 1303 3102 ver·

350 3138 426 3202 bum
443 3138 526 3203 forte
539 3152 738 3226 pervenerat,
755 3161 788 3203 se
802 3153 834 3204 et
856 3139 963 3203 omnia
978 3161 1035 3203 cua
1051 3151 1164 3204 vestrm
1179 3152 1303 3224 proteo-

351 3239 428 3305 tioni
444 3239 625 3325 subjiciens,
641 3254 673 3306 et
688 3239 880 3306 auctoritate
899 3238 1073 3326 apostolica
1087 3239 1247 3318 inhibens,
1261 3262 1302 3305 ne

351 3345 384 3408 in
414 3342 575 3410 laesionem
605 3345 675 3429 ejus
705 3346 871 3430 quippiam
894 3343 935 3407 ab
964 3343 1074 3428 aliquo
1100 3350 1301 3407 statueretur.

351 3450 484 3536 Adjecit
505 3451 600 3513 etiam
622 3446 711 3532 quod
733 3447 766 3510 in
787 3446 910 3513 octavis
929 3445 1122 3532 Epiphania
1144 3467 1177 3507 se
1198 3456 1304 3511 vestro

349 3549 531 3636 conspectui
546 3546 760 3634 praesentabit.
805 3549 874 3610 Nos
888 3567 977 3627 ergo,
997 3557 1035 3608 ut
1049 3545 1203 3630 oportuit,
1227 3566 1303 3632 apo·

351 3650 471 3715 stolicoe
481 3644 637 3734 majestati
645 3646 822 3710 deferentes
834 3643 1050 3709 definitionem
1059 3645 1179 3732 negotii
1190 3659 1303 3713 vestra

352 3747 583 3813 reservavimus
594 3743 763 3810 sanctitati.

488 4058 714 4125 EPISTOLA
741 4058 994 4123 exiisti—sn
1009 4077 1162 4124 ananau.

590 4211 730 4275 Domino
744 4210 848 4291 Papa
860 4209 1059 4274 Alexandro.

396 4348 447 4409 Aa
463 4344 523 4407 hoc
538 4342 755 4408 excellentiam
766 4352 904 4406 vestram
919 4340 1017 4426 capiti
1034 4339 1175 4404 omnium
1192 4342 1303 4407 Eccle-

351 4444 466 4508 siarum
478 4440 643 4528 dispositio
651 4440 760 4504 divina
770 4440 925 4526 praefecit,
933 4454 982 4518 ut,
991 4442 1209 4507 exterminatis
1218 4443 1305 4510 vitiis

353 4545 394 4609 de
402 4544 497 4609 domo
506 4542 648 4620 Domini,
659 4542 760 4606 virtus
767 4542 950 4629 jucundum
958 4543 1063 4629 capiat
1073 4543 1302 4610 incrementum

355 4662 387 4713 et
402 4659 439 4712 ut
461 4646 683 4732 imperfectum
706 4645 806 4710 totius
828 4642 1046 4723 humanitatis,
1063 4658 1177 4710 vestrae
1193 4646 1304 4733 majes-

355 4750 427 4814 tatis
456 4746 603 4835 suppleat
633 4759 853 4811 consummata
882 4744 1043 4831 perfectio.
1097 4748 1202 4812 Causa
1229 4770 1304 4834 quaa

355 4851 491 4917 vertitur
513 4853 595 4915 inter
619 4849 752 4915 dilectos
778 4848 892 4915 fratres
918 4859 1043 4915 nostros
1075 4847 1156 4913 Rad.
1181 4849 1304 4916 Dunel·
