3300 6434
372 1258 547 1338 itas-a.]
762 1275 942 1322 aristosa.
1281 1260 1323 1319 38

364 1445 560 1512 eorumquae
571 1425 649 1489 mibi
665 1425 836 1489 revertenti
852 1426 1046 1512 amajestate
1058 1435 1164 1489 vestra
1174 1424 1318 1509 injuncta

363 1540 446 1591 sunt.
493 1529 605 1593 Unum
615 1549 738 1604 eorum,
753 1548 890 1612 quorum
904 1527 1009 1613 recepi
1020 1525 1179 1606 curam‚ei
1195 1523 1316 1589 credidi

362 1628 660 1694 commendandum.
706 1632 754 1694 Ut
775 1649 853 1711 ergo
873 1629 979 1713 gratia
1002 1641 1107 1693 vestra
1128 1627 1227 1713 possit
1249 1646 1316 1689 esse

362 1731 511 1807 securior,
535 1734 575 1808 ei,
600 1731 626 1794 si
657 1729 773 1815 placet,
794 1729 931 1796 indulta.²
959 1728 1164 1794 relaxationis
1192 1727 1317 1793 litteras

362 1832 596 1897 transmittatis.
643 1832 754 1896 Valeat
775 1832 808 1895 in
833 1855 938 1898 aevum
961 1831 1137 1919 paternitas
1152 1843 1268 1910 vestra,
1282 1843 1315 1895 et

362 1933 482 1998 utinam
507 1934 687 1999 memoriter
717 1946 821 1998 teneat
846 1932 933 2019 quod
955 1956 1064 1998 omnes
1093 1933 1198 1997 sciunt
1227 1931 1314 1997 etin

360 2034 493 2100 auribus
521 2038 635 2100 vestris
671 2032 853 2120 paucissimi
892 2034 1094 2117 profitentur,
1131 2036 1313 2097 Romanum

360 2135 542 2219 pontificem
559 2158 621 2200 non
637 2158 729 2218 posse
744 2134 800 2199 diu
816 2135 1007 2221 pontificari.

535 2426 763 2491 EPISTOLA
780 2422 1015 2487 xxxi-n>
1031 2468 1139 2487 .....

402 2579 509 2640 L1eaa
532 2575 623 2639 silere
646 2573 867 2661 disposuerim,
891 2573 1051 2657 negotium
1078 2571 1198 2636 domini
1219 2592 1311 2659 papae

359 2674 444 2759 quod
471 2677 552 2761 gessi
579 2700 650 2741 curn
673 2677 802 2740 domino
826 2674 946 2738 Eliensi
972 2694 1021 2736 me
1039 2670 1194 2758 compulit
1220 2695 1312 2738 aures

357 2777 545 2862 apostolicas
555 2778 670 2844 litteris
681 2801 823 2842 onerare.
871 2778 1005 2840 Necesse
1016 2797 1093 2858 ergo
1102 2788 1150 2839 est
1164 2774 1313 2840 utinten-

357 2877 473 2942 tionem
484 2902 583 2943 meam
592 2894 697 2943 vestra
706 2878 863 2944 industria
871 2891 1094 2964 prosequatur.
1108 2877 1215 2954 Quum
1226 2876 1310 2940 enim

357 2980 519 3062 negotium
545 2980 678 3045 viriliter
700 2994 825 3065 gestum
850 2978 903 3054 sit,
917 2978 1002 3063 juris
1018 2975 1208 3042 auctoritate
1222 2976 1309 3061 quod

353 3078 474 3144 lactum
487 3093 535 3145 est
546 3081 758 3147 roborabitur.
782 3081 923 3144 Centum
935 3100 1056 3142 marcas
1071 3077 1307 3162 sterlingorum,

350 3179 432 3247 sicut
448 3180 596 3246 dominus
612 3183 696 3246 Boso
711 3193 917 3268 praeceperat,
938 3180 1031 3245 nobis
1046 3179 1086 3244 ad
1104 3178 1303 3266 implendum

353 3282 539 3349 mandatum
563 3283 682 3348 domini
712 3306 805 3370 papae
830 3282 964 3348 tradidit
986 3283 1135 3349 dominus
1157 3282 1306 3358 Eliensis,

353 3383 460 3449 decem
476 3407 606 3472 quoque
620 3409 742 3450 marcas
765 3408 824 3471 pro
839 3408 945 3449 marca
960 3386 1029 3450 auri
1043 3384 1172 3448 domino
1189 3383 1305 3447 Bosoni

352 3507 410 3569 per
418 3485 582 3551 dominum
597 3487 856 3551 cantuariensem
870 3500 902 3550 et
914 3509 964 3548 me
977 3482 1174 3548 transmittit.
1209 3486 1305 3568 Agite

352 3586 460 3672 itaque
475 3610 547 3652 curn
571 3589 701 3651 domino
723 3589 762 3651 B.
780 3600 815 3650 ut
836 3586 971 3650 indultae
986 3584 1206 3660 absolutionis,
1222 3584 1304 3648 sicut

351 3687 508 3771 promisit,
538 3687 686 3772 episcopo
716 3686 837 3750 litteras
866 3685 982 3749 mittat.
1030 3684 1069 3746 In
1100 3704 1165 3768 quo
1193 3682 1303 3771 itaque

349 3788 475 3872 gravari
501 3809 563 3851 non
581 3787 689 3863 debet,
718 3787 743 3850 si
765 3799 896 3873 accepto
917 3808 996 3851 auro
1018 3785 1115 3849 verba
1137 3786 1301 3852 remiserit.

350 3890 402 3951 De
417 3902 533 3954 caetero
556 3887 633 3952 nihil
657 3902 702 3954 est
727 3887 812 3975 apud
837 3910 893 3951 uos
915 3890 1113 3960 innovatum,
1136 3888 1196 3951 nisi
1212 3887 1299 3973 quod

347 3989 431 4054 inter
446 3989 718 4076 archiepiscopum
737 3988 969 4053 Eboracensem
986 4001 1018 4052 et
1034 3988 1182 4052 abbatem
1200 3988 1301 4052 Glou-

346 4105 534 4155 cestrensem
560 4114 622 4177 pax
645 4090 816 4154 reformata
838 4102 898 4166 est,
921 4088 1158 4174 archiepiscopo
1182 4089 1230 4153 liti
1253 4113 1301 4152 re·

347 4195 525 4268 nuntiante,
549 4205 678 4277 accepto
705 4190 810 4257 reditu
833 4210 909 4254 xciv
932 4189 1096 4254 librarum.
1144 4187 1301 4254 Praeterea

346 4294 487 4369 consulo,
511 4311 546 4357 ut
569 4293 599 4355 in
616 4293 729 4357 itinere
749 4295 811 4355 isto
832 4290 881 4353 vel
899 4290 994 4354 unius
1015 4291 1088 4354 anni
1105 4291 1299 4354 contrahatis

346 4395 527 4457 societatem
558 4394 715 4458 bonorum
739 4414 812 4455 cum
836 4413 977 4456 annona:
1009 4406 1124 4455 caetera
1147 4390 1298 4455 victualia

348 4494 451 4558 Lond.
468 4517 541 4558 cara
557 4507 642 4573 sunt,
658 4494 778 4579 quibus
798 4514 898 4579 prope
914 4496 1035 4557 fluenta
1049 4493 1199 4576 magister
1212 4493 1297 4556 Rad.

342 4596 494 4662 abundat.
542 4598 625 4662 Cum
639 4595 784 4660 deductis
799 4595 982 4681 sumptibus
996 4616 1039 4692 xlv
1053 4594 1151 4658 millia
1161 4593 1293 4659 alecium

344 4713 521 4784 expectant.

392 4988 464 5033 vob.
483 4990 504 5032 l.
