3300 6434
340 1145 403 1205 246
597 1152 733 1199 Josnnrs
746 1150 1021 1197 sanasnsarnusrs
1195 1135 1242 1209 [Α.
1260 1152 1291 1195 n.

415 1370 636 1436 EPISTOLA
659 1371 845 1434 (ΗΜ-Μ)
860 1386 1068 1431 esunwluuu
1083 1386 1220 1430 sucuro.

595 1476 829 1534 'excursusnm
856 1468 901 1547 [a.
918 1488 949 1530 n.
969 1469 1077 1548 1166]

368 1606 465 1667 Joan.
482 1602 607 1665 Soresb.
624 1602 815 1664 Baldemr'rro
830 1601 1064 1663 archidiacono
1079 1601 1269 1664 Exorierrsi.

389 1721 495 1784 char
510 1740 530 1782 a
544 1718 653 1782 multis
674 1731 756 1780 retro
779 1717 978 1799 temporibus
1001 1717 1169 1781 dilectioni
1185 1730 1296 1783 vestrae

346 1820 505 1885 obnoxius
526 1831 644 1898 tenear,
666 1828 775 1882 tamen
797 1830 908 1881 vestrae
930 1818 1122 1882 sinceritatis
1144 1840 1209 1883 non
1231 1832 1296 1883 tam

345 1922 495 2006 frequens
522 1940 619 2004 qnam
639 1918 727 2004 jugis
749 1917 938 1982 sollicitudo
961 1917 1166 1983 devotionem
1194 1942 1296 1984 meam

346 2021 407 2087 sibi
438 2020 543 2084 reddit
571 2020 675 2084 indies
704 2020 824 2084 arctius
848 2015 1047 2099 obligatam.'
1080 2021 1185 2093 Quem
1211 2021 1295 2083 enim

346 2145 412 2186 non
427 2134 645 2206 promereatur
664 2121 696 2183 in
718 2120 861 2183 adversis
883 2120 1049 2202 infatigata
1064 2133 1097 2184 et
1110 2121 1297 2185 indeficiens

347 2222 440 2298 fides,
464 2220 555 2304 cujus
579 2231 693 2303 pectus
722 2241 787 2283 non
817 2218 987 2282 succendit
1011 2232 1042 2283 et
1065 2221 1243 2284 inflammat
1263 2220 1297 2284 in

347 2323 497 2406 periculis
509 2334 542 2384 et
551 2321 737 2385 conflatorio
749 2322 972 2398 tentationum,
980 2322 1297 2405 caritasincorrupta,

349 2423 503 2499 officiosa,
512 2432 546 2485 et
556 2420 817 2503 supereminens?
841 2421 1082 2494 Quodinvobis
1096 2422 1297 2501 commendo,

350 2525 383 2586 in
399 2542 451 2584 me
465 2521 601 2583 multum
615 2533 765 2604 expertus
787 2544 869 2599 sum,
884 2520 988 2585 sedin
1004 2522 1096 2586 fratoe
1110 2543 1182 2586 meo
1198 2524 1299 2604 magis

349 2622 513 2705 experior:
547 2641 620 2683 nem
652 2631 768 2684 sortem
792 2621 863 2706 ejus
891 2643 963 2686 mea
991 2634 1103 2706 reputo
1128 2620 1299 2697 duriorem,

350 2724 411 2788 nisi
428 2720 515 2806 qnod
530 2742 601 2784 mea
616 2734 649 2785 et
662 2721 747 2785 illius
769 2744 811 2786 ex
833 2722 940 2785 animo
963 2733 1037 2787 suot
1058 2721 1251 2799 communia,
1265 2733 1299 2784 st

349 2824 395 2886 sic
418 2820 529 2885 eadem
551 2821 694 2885 conditio
717 2832 772 2885 est
819 2823 957 2886 Gravius
980 2833 1085 2887 tamen
1107 2825 1228 2900 exulat,
1242 2820 1298 2905 qui

351 2922 436 2985 domi
467 2923 587 2985 exulat.
641 2922 734 2985 Sicut
762 2922 848 2984 enim
879 2921 911 2984 in
943 2922 1070 2986 civitate
1099 2943 1158 2986 sua
1186 2920 1297 2985 florere
1394 2994 1398 3000 ,

349 3024 521 3105 gloriosum
545 3034 604 3098 est,
627 3033 660 3085 et
676 3021 856 3103 jucundum
880 3022 1040 3086 nobilitari
1063 3024 1097 3085 in
1119 3022 1234 3104 patria,
1254 3022 1299 3085 ita

349 3121 437 3206 apud
467 3142 542 3184 suos
578 3142 682 3201 egere,
710 3132 766 3184 aut
795 3124 948 3186 vilescere
984 3124 1203 3187 calamitosum
1237 3132 1295 3184 est.

351 3222 488 3285 Minoris
510 3241 650 3306 namque
680 3223 909 3286 erubescentiae
941 3236 989 3286 est
1013 3222 1099 3307 apud
1127 3233 1298 3286 extraneos

350 3323 540 3385 mendicare.
572 3323 756 3386 Nonnullus
771 3336 888 3398 sutem,
899 3324 963 3385 imo
978 3334 1011 3386 et
1026 3325 1144 3386 multus
1158 3334 1207 3385 est
1222 3343 1299 3385 usus

351 3422 547 3485 adversitatis
567 3421 673 3504 hujus,
689 3422 814 3506 utrique
836 3434 990 3502 nostrum,
1005 3444 1063 3505 per
1082 3443 1177 3507 quam
1192 3433 1223 3482 et
1237 3442 1298 3484 nos

351 3522 457 3598 nobis,
480 3532 513 3585 et
540 3522 689 3600 mundus,
719 3534 752 3586 et
781 3522 909 3587 fidelius
938 3534 971 3587 et
998 3524 1184 3588 familiarius
1206 3523 1298 3586 inno·

352 3620 455 3682 tescit.
500 3621 644 3685 Tandem
663 3625 748 3685 enim
768 3623 931 3700 discimus,
946 3622 1033 3708 quod
1054 3645 1073 3687 a
1095 3624 1203 3687 multis
1217 3631 1299 3685 tem·

352 3715 483 3799 poribus
503 3718 710 3794 audieramus,
728 3735 759 3783 et
779 3722 933 3804 scriptum
949 3733 997 3785 est
1011 3745 1031 3786 a
1045 3723 1161 3786 seculis
1183 3721 1300 3798 mrrltis,

355 3818 421 3886 Qui
446 3819 481 3880 in
505 3822 667 3901 prosperis
689 3824 815 3883 amicus
839 3844 902 3886 non
926 3818 1074 3904 appirret,
1097 3825 1134 3884 irs
1159 3824 1301 3884 odoersrs

353 3941 418 3983 reon
439 3922 518 3982 latet
540 3920 703 3983 inimicus.
748 3921 848 4005 Ergo,
871 3923 1086 3997 dilectissime,
1104 3922 1139 3982 in
1157 3922 1302 4003 procella

353 4019 488 4084 turbinis
497 4020 594 4104 hujus
602 4021 720 4085 larvam
733 4023 868 4106 quisque
880 4022 1028 4106 deposuit
1037 4041 1131 4105 quam
1143 4018 1301 4096 induerat,

352 4131 385 4186 et
405 4122 535 4185 fallaces
557 4123 705 4186 abstersit
727 4121 831 4199 fucos,
853 4135 885 4186 et
907 4144 1000 4187 suum
1023 4121 1163 4186 ostendit
1178 4121 1300 4183 vultum

352 4224 431 4286 facie
459 4224 604 4286 revelata.
651 4223 746 4286 Unde
772 4225 848 4305 quia
871 4224 947 4287 fidei
973 4236 1005 4288 et
1025 4222 1167 4287 caritatis
1188 4232 1301 4284 vestrae

351 4326 463 4387 faciem
487 4325 519 4385 in
541 4337 653 4401 vestra,
675 4344 747 4406 quae
772 4324 907 4401 videtur,
925 4325 1139 4396 tribulatione,
1164 4322 1299 4385 eandem

351 4423 480 4508 quidem
493 4426 664 4501 cernimus,
676 4425 734 4488 sed
746 4426 856 4509 utique
869 4427 1033 4489 clariorem
1044 4437 1076 4488 et
1088 4423 1301 4497 illustriorem,

350 4546 420 4587 eam
443 4524 516 4606 jure
545 4538 577 4588 et
603 4526 714 4588 merito
740 4526 877 4609 amplius
900 4527 1127 4608 approbamus
1151 4532 1185 4585 et
1210 4533 1244 4585 ut
1266 4522 1297 4584 ei

351 4624 508 4705 condigne
545 4626 775 4707 respondeatur
811 4648 831 4688 a
867 4626 962 4688 nobis
999 4626 1120 4688 crebris
1156 4620 1300 4705 suspiriis

351 4734 508 4801 optamuS,
531 4736 561 4784 et
587 4726 725 4787 maximo
751 4725 926 4788 desiderio:
962 4739 993 4788 et
1022 4724 1150 4807 quidem
1174 4720 1300 4785 interim
