3300 6434
424 1225 484 1283 tta
674 1242 809 1287 ronnnrs
824 1240 1104 1287 sunnsnsnrsnsrs
1276 1222 1321 1304 [r.
1340 1241 1371 1284 n.

660 1394 677 1444 J
680 1410 722 1444 am
734 1390 841 1443 mellitis
852 1391 950 1462 potiore
962 1390 1096 1462 placentis,

563 1479 652 1547 thue
665 1477 806 1531 sacerdotis
817 1475 943 1544 fugitivus
955 1475 1009 1527 liba
1021 1480 1130 1528 remsat

422 1586 503 1661 Quis
517 1588 599 1651 enim
616 1588 647 1651 in
664 1600 752 1653 tanta
770 1610 890 1674 panum
912 1587 1109 1652 abundantia
1124 1609 1185 1650 non
1202 1587 1373 1666 reficiatur,

423 1712 521 1774 quum
547 1712 639 1754 nemo
663 1713 773 1775 regum
804 1689 1004 1754 delicatiores
1029 1689 1061 1752 in
1087 1711 1194 1752 mensa
1219 1712 1276 1752 sua
1301 1712 1375 1753 con-

423 1791 583 1877 spexerit?
617 1793 690 1879 quis
719 1792 827 1878 plures
858 1815 1010 1878 umquam
1040 1790 1253 1857 delicatissimi
1281 1791 1373 1876 panis

422 1895 578 1980 congessit
605 1893 748 1981 species?
778 1894 875 1958 habet
901 1895 985 1962 enim
1015 1893 1191 1958 satietatem
1222 1892 1288 1962 sine
1312 1893 1374 1957 fas

424 1993 516 2075 tidio,
534 2008 566 2061 et
588 1995 715 2060 dulcem
737 1996 804 2061 sine
823 1996 951 2060 defectu
974 2009 1006 2061 et
1028 1995 1200 2065 inanitione
1222 1994 1375 2062 esuriem:

423 2098 591 2164 conferunt
616 2112 648 2163 et
674 2099 756 2162 miro
780 2098 974 2164 condimenti
1001 2097 1124 2181 gratia,
1146 2120 1228 2183 quos
1255 2111 1378 2164 terrena

424 2200 575 2287 deprimit
590 2200 790 2275 inhabitatio,
806 2198 890 2266 felici
906 2200 1103 2285 superiorum
1127 2199 1288 2266 evectione
1309 2222 1378 2264 sus·

424 2301 580 2387 pendunt.
629 2302 726 2367 Unde
755 2324 883 2368 manum
913 2300 1115 2367 correctionis
1144 2302 1189 2365 eis
1218 2323 1382 2387 apponere

424 2425 487 2467 non
508 2426 678 2488 praesumo,
699 2404 775 2490 quia
795 2404 875 2467 nihil
894 2404 1020 2468 invenio
1033 2403 1066 2469 in
1080 2404 1126 2468 eis
1144 2403 1379 2489 corrigendum,

424 2503 480 2591 qui
503 2526 557 2568 eos
578 2516 667 2569 tanta
688 2503 842 2569 aviditate
866 2526 991 2571 vorasse
1014 2506 1178 2580 voluerim,
1199 2519 1235 2570 ut
1259 2527 1316 2568 nec
1338 2504 1380 2569 de

426 2606 604 2672 substantia
638 2627 786 2671 sensuum
817 2620 872 2671 aut
905 2607 1008 2694 specie
1038 2607 1205 2672 verborum
1235 2605 1381 2672 elabatur

426 2705 503 2770 mibi
525 2706 617 2781 mica.
641 2706 691 2770 vel
713 2707 830 2772 tenuis.
867 2707 968 2773 Micas
991 2707 1127 2774 enimet
1149 2706 1291 2771 crustula
1313 2710 1382 2772 Do·

426 2806 512 2872 mino
533 2817 661 2872 auctore
683 2807 860 2894 deglutiam
872 2833 885 2889 :¹
903 2822 1055 2877 caeterurn
1077 2810 1167 2874 norit
1185 2808 1380 2895 experientia

427 2922 543 2986 vestra,
568 2912 727 2995 quianon
752 2910 783 2974 in
807 2910 874 2975 solo
896 2932 977 2996 pane
1003 2911 1083 2975 vivit
1108 2911 1215 2990 homo,
1237 2923 1269 2976 et
1292 2910 1381 2996 quod

427 3009 598 3097 potationis
634 3011 802 3078 assiduitas
830 3012 918 3098 apud
946 3025 1072 3078 exteras
1101 3013 1246 3078 nationes
1272 3013 1381 3079 fecerit

427 3113 552 3199 Anglos
574 3114 722 3197 insignes.
767 3114 866 3179 Unda
883 3115 1010 3201 justum
1032 3114 1170 3180 arbitror
1195 3129 1231 3179 ut
1255 3115 1382 3199 egregie

426 3215 531 3280 cibato
553 3216 739 3302 propinetis,
761 3230 794 3281 et
816 3215 868 3282 cui
890 3214 1083 3300 apposuistis
1104 3228 1136 3280 et
1160 3236 1286 3299 panem,
1308 3237 1382 3301 por-

423 3318 535 3403 rigatis
555 3332 587 3383 et
607 3317 769 3404 poculum.
814 3316 887 3380 Jam
913 3317 997 3380 enim
1019 3314 1102 3390 sitio,
1118 3328 1295 3403 poteroque
1322 3339 1378 3380 vo.

427 3432 515 3485 rator
538 3441 658 3507 pannm
682 3418 715 3483 in
742 3417 883 3484 siccitate
910 3414 1112 3502 strangulari,
1133 3416 1192 3482 nisi
1215 3417 1382 3482 clementia

426 3534 532 3585 vestra
560 3518 639 3583 mibi
668 3520 778 3585 vinum
808 3518 985 3606 provideat.
1041 3518 1116 3583 Hoc
1146 3518 1255 3604 itaque
1291 3519 1381 3583 vobis

428 3620 570 3703 paratius
585 3634 632 3685 est
647 3644 743 3707 quam
765 3620 868 3697 coelia,
884 3643 957 3706 quaa
976 3642 996 3683 a
1015 3620 1211 3685 nostratibus
1230 3642 1290 3685 usu
1311 3620 1386 3685 vul·

429 3720 498 3803 gari
514 3722 646 3784 cervisia
667 3737 882 3809 nuncupatur.
926 3725 1001 3808 Ego
1021 3736 1126 3787 tamen
1147 3722 1314 3809 utriusque
1336 3722 1384 3788 bi·

428 3819 492 3884 bax
512 3841 594 3895 sum,
609 3833 642 3883 et
662 3843 724 3883 non
747 3822 904 3887 abhorreo
925 3822 1079 3908 quicquid
1095 3822 1249 3893 inebriare
1269 3836 1384 3910 potest.

433 3919 495 3986 Sed
517 3919 666 4007 quoniam
692 3920 782 3986 vobis
802 3936 850 3986 est
870 3911 973 4009 copia,
988 3936 1067 3989 teste
1088 3924 1144 3989 illo
1165 3925 1264 3989 veteri
1282 3926 1384 3990 amico

429 4045 511 4101 meo,
524 4022 579 4109 qni
591 4044 763 4107 numquam
776 4024 795 4056 “
805 4021 865 4086 nisi
877 4035 973 4107 potus
982 4023 1022 4087 ad
1034 4038 1118 4088 artes
1128 4023 1305 4110 prosiluit‚”
1316 4048 1385 4088 ver·

433 4149 548 4212 susque
575 4125 723 4202 faciebat,
750 4126 807 4209 qui
833 4145 964 4189 numero
991 4125 1180 4209 syllabarum
1207 4137 1240 4187 et
1265 4125 1385 4210 pedum

430 4227 622 4314 Virgilianos
648 4250 756 4291 versus
781 4228 978 4292 excederent.
1027 4229 1099 4291 Prae
1120 4226 1242 4290 caeteris
1269 4226 1384 4291 inebri-

429 4331 559 4394 antibus
580 4350 678 4395 unum
702 4342 787 4415 peto,
812 4345 847 4393 ut
870 4329 922 4405 sit,
945 4329 1033 4415 qnod
1059 4350 1141 4414 pane
1163 4328 1384 4396 confirmatum

432 4431 597 4499 exhilaret.
643 4435 744 4497 Porro
759 4436 843 4496 inter
863 4446 1003 4508 caeteras,
1019 4434 1111 4499 vinea
1129 4430 1249 4496 domini
1272 4432 1385 4496 Soreth

431 4534 523 4598 vobis
543 4534 647 4599 notior
661 4547 720 4612 est,
736 4547 767 4599 et
783 4556 857 4620 qnae
872 4534 912 4598 ad
930 4554 1025 4596 risum
1041 4534 1110 4618 ejus
1125 4533 1247 4597 faciunt
1268 4534 1385 4598 instru-

433 4650 539 4701 menta
560 4638 666 4700 omnia
687 4658 783 4721 penes
806 4657 862 4696 vos
885 4656 951 4696 esse
974 4653 1036 4696 non
1063 4634 1201 4719 ambigo.
1240 4635 1386 4698 Extrux·

435 4730 501 4795 istis
516 4732 634 4796 ibidem
650 4747 682 4797 nt
700 4754 754 4794 vos
770 4730 920 4803 torcular,
933 4729 1025 4813 cujus
1041 4728 1268 4794 interveniente
1283 4730 1386 4793 officio

434 4833 523 4896 vobis
542 4835 649 4898 vinum
670 4836 853 4917 frequenter
874 4829 1074 4915 exprimitur,
1089 4832 1119 4894 in
1144 4854 1235 4895 usum
1257 4852 1385 4896 conver-
