3300 6434
350 1265 542 1349 tlte-ct]
730 1284 911 1330 rmsronn.
1241 1269 1302 1329 175

346 1450 463 1501 nostrae
485 1436 692 1521 gravissimus
714 1447 910 1520 persecutor,
932 1434 1113 1499 Willelmus
1135 1434 1176 1498 de
1198 1437 1300 1520 Yprs,

345 1538 553 1603 exhaeredato
567 1536 697 1601 domino
711 1535 817 1614 t‘uudi,
833 1547 1010 1621 utcumque
1024 1536 1057 1599 iu
1073 1538 1300 1622 possessiouem

343 1639 470 1704 admitti
493 1640 732 1724 impetraverat.
777 1635 907 1701 Fraude
937 1659 1012 1699 vero
1043 1636 1224 1700 collusionis
1254 1633 1301 1699 iu·

345 1740 560 1814 terrenientis,
591 1752 628 1802 ut
657 1741 702 1802 eis
739 1737 905 1824 praeiutam
943 1737 1105 1803 ecclesiam
1140 1737 1300 1813 cederent,

346 1842 516 1905 monachos
542 1839 679 1926 praefato
702 1838 808 1902 Odoni
836 1850 941 1903 certos
965 1838 1088 1903 reditus
1113 1839 1299 1923 assignasse,
1384 1853 1393 1865 ·

345 1956 378 2006 et
407 1943 467 2006 hoc
497 1941 591 2005 etiam
614 1939 742 2026 publice
770 1952 882 2004 notum
904 1962 972 2003 esse
1000 1940 1171 2015 asserebat,
1192 1951 1225 2003 et
1253 1939 1300 2003 ita

346 2041 505 2106 mediante
530 2041 671 2105 Simonis
692 2040 907 2105 detentionem
927 2039 1066 2105 ecclesiae
1084 2043 1300 2125 qualemcum-

348 2144 590 2230 que-habuisse,
613 2142 785 2206 venerabili
808 2142 907 2206 fratre
928 2146 1038 2206 nostro
1060 2145 1188 2226 Rogero
1213 2140 1302 2205 Ebo-

348 2244 468 2331 racensi
483 2244 541 2331 qui
556 2264 640 2307 nuuc
655 2256 715 2323 est,
734 2256 812 2307 tunc
832 2242 1056 2309 cantuariensi
1070 2240 1301 2305 archidiacono

350 2346 423 2409 Hoc
439 2346 544 2431 ipsum
560 2342 734 2429 apostolica
748 2347 940 2409 auctoritate
955 2341 1130 2418 inhibente,
1142 2353 1303 2427 postremo

350 2445 513 2508 Abbatem
530 2456 562 2507 et
584 2442 754 2506 monachos
776 2443 875 2506 sancti
897 2442 1032 2518 Bertini,
1048 2442 1105 2526 qui
1120 2440 1301 2518 adfuerunt,

349 2569 449 2632 quum
474 2544 677 2631 supradictus
699 2557 856 2629 tyrannus
885 2564 906 2606 a
927 2566 1026 2627 regno
1049 2542 1178 2626 Angliae
1199 2556 1304 2608 exter·

349 2649 536 2723 minaretur,
553 2646 601 2710 liti
624 2658 656 2710 et
671 2645 846 2710 detentioni
866 2666 962 2731 quam
979 2645 1168 2722 habuerant,
1183 2646 1217 2709 iu
1232 2667 1304 2732 per-

349 2762 484 2835 petuum
507 2749 704 2812 renuntiasse
726 2746 866 2822 dicebat,
898 2759 934 2810 ut
964 2746 1089 2811 fructus
1111 2746 1304 2831 supradicto

348 2851 502 2928 ecclesie,
513 2848 720 2936 permittente
732 2849 883 2924 Domino,
896 2848 1003 2912 liceret
1015 2860 1186 2933 asportare.
1222 2849 1304 2912 Hoc

350 2952 480 3036 quidem
495 2951 602 3015 omnia
611 2950 756 3036 promisit
769 2972 801 3012 se
813 2948 1076 3012 sufficientissime
1084 2949 1302 3033 probaturum.

351 3051 512 3136 Praeterea
526 3072 559 3113 se
574 3048 613 3112 ad
630 3050 827 3133 majestatem
845 3061 992 3126 vestram,
1006 3061 1043 3113 ut
1058 3048 1103 3113 ibi
1115 3048 1259 3113 fraudem
1272 3064 1304 3114 et

352 3150 503 3214 malitiam
528 3151 753 3215 monachorum
775 3150 951 3236 detegeret,
968 3151 1035 3236 jam
1059 3154 1190 3215 nuntios
1208 3151 1304 3215 desti-

325 3270 328 3274 ·
350 3275 440 3317 nasse
461 3252 609 3317 dicebat:
633 3252 842 3316 nihilominus
858 3252 890 3315 in
906 3265 1014 3317 nostra
1036 3253 1200 3317 audientia
1215 3275 1302 3318 suam

352 3367 482 3441 paratus
494 3356 705 3420 innocentiam
717 3369 749 3419 et
760 3355 921 3440 justitiam
934 3355 1160 3419 demonstrare.
1195 3357 1303 3431 Quum

350 3476 427 3537 ergo
451 3455 493 3517 de
519 3456 652 3519 veritate
677 3477 820 3539 precum,
848 3469 885 3517 ut
912 3454 1091 3538 oportebat,
1118 3475 1305 3539 cognoscere

352 3556 504 3631 volentes,
528 3554 691 3618 monachis
712 3556 952 3640 praefigeremus
978 3554 1075 3633 diem,
1096 3554 1157 3640 ipsi
1183 3578 1215 3618 se
1242 3576 1304 3617 uon

352 3656 515 3720 subituros
544 3679 683 3731 causam,
709 3657 769 3721 nisi
800 3659 881 3720 citra
910 3656 1122 3740 cognitionem
1159 3655 1307 3722 restitue-

352 3769 474 3834 rentur,
489 3755 734 3841 responderunt.
780 3757 849 3820 Nos
863 3777 940 3840 ergo
954 3755 986 3820 in
1010 3757 1231 3845 prejudicium
1248 3758 1306 3837 rei,

354 3871 386 3922 et
400 3859 639 3923 subversionem
656 3859 741 3945 juris
763 3858 932 3944 procedere
954 3858 1105 3937 nolentes,
1120 3860 1305 3926 mandatum

357 3978 574 4045 expectamus,
591 3962 682 4025 vobis
696 3960 728 4024 in
744 3960 904 4036 omnibus,
920 3973 950 4025 et
966 3983 1024 4046 per
1038 3962 1145 4027 omnia
1160 3963 1305 4048 parituri.

496 4295 717 4360 EPISTOLA
741 4299 1000 4361 cxxvi-no
1016 4316 1169 4360 nuunnn.

599 4435 738 4498 Domino
752 4438 855 4518 Paper
870 4436 1065 4501 Alarondro.

398 4554 504 4614 Llcsr
518 4551 550 4614 in
565 4574 620 4613 ore
635 4550 819 4616 nuntiorum
844 4568 1036 4630 nostrorum,
1051 4554 1171 4639 quibus
1193 4557 1307 4621 merito

356 4651 531 4716 honestatis
553 4664 585 4716 et
608 4651 682 4716 fidei
706 4655 800 4717 fidem
825 4654 933 4719 haberi
955 4664 1092 4740 oportet,
1108 4659 1308 4742 posuerimus

359 4753 456 4817 verbs
485 4767 603 4835 nostru,
634 4754 811 4818 litterarum
843 4769 946 4819 temen
976 4756 1093 4821 indicio
1123 4760 1307 4843 paternitati

358 4868 470 4918 vestrae
497 4855 675 4940 significare
701 4858 894 4935 curavimus,
918 4858 1056 4944 qualiter
1081 4860 1113 4924 in
1141 4862 1308 4946 praeseutia
