3300 6434
444 1223 485 1281 36
704 1235 840 1293 smanrs
857 1235 1130 1282 sanasaaruaasrs
1299 1220 1343 1301 [n.
1361 1238 1390 1283 n.

443 1408 546 1472 opem,
562 1386 738 1473 exploravit
754 1387 860 1467 fidem,
875 1388 1007 1475 aliisque
1022 1388 1081 1451 sibi
1105 1409 1164 1474 pra
1186 1388 1317 1452 modulo
1332 1409 1391 1452 suo

442 1487 670 1578 assistentibus,
680 1487 885 1553 solusfaciem
896 1488 1051 1553 avertistis
1060 1492 1091 1554 in
1101 1487 1247 1553 diebelli.
1281 1489 1390 1566 Quum

440 1608 517 1674 ergo
527 1588 615 1674 apud
627 1611 683 1654 vos
695 1589 744 1653 sui
756 1610 865 1652 omnes
876 1589 1034 1674 repulsam
1050 1602 1248 1674 paterentur,
1260 1588 1388 1653 tandem

439 1688 551 1774 ipsein
567 1689 696 1775 propria
710 1709 845 1773 persona
856 1689 997 1765 accessit,
1010 1687 1065 1752 sed
1082 1711 1144 1752 noa
1159 1704 1207 1753 est
1218 1687 1389 1754 exauditus

438 1811 499 1874 pro
512 1790 686 1854 reverentia
697 1813 764 1854 sua.
800 1789 956 1854 Noluistis
966 1790 1048 1853 cuim
1064 1790 1191 1854 differre
1205 1788 1388 1876 prandium,

438 1890 516 1955 dnm
531 1892 680 1957 instantis
699 1914 816 1978 pugnae
832 1891 982 1956 videretis
996 1905 1154 1956 eventum.
1202 1891 1302 1955 Porro
1324 1890 1387 1953 dis-

437 1991 575 2079 cipulus‚
600 1992 656 2079 qni
686 1992 861 2056 Dominum
892 2015 964 2056 cum
990 1993 1175 2079 juramento
1204 2006 1385 2077 negaverat,

437 2107 570 2179 urgente
600 2093 746 2170 caritate,
769 2093 944 2157 Dominum
975 2095 1170 2180 sequebatur
1200 2105 1235 2157 at
1262 2093 1384 2157 videret

435 2194 540 2260 linem.
586 2195 650 2257 Vos
671 2206 778 2258 autem
799 2194 973 2259 accessistis
987 2194 1026 2257 ad
1051 2216 1203 2270 mensam,
1219 2194 1296 2257 dum
1319 2192 1382 2265 ille,

433 2295 485 2359 cui
512 2296 747 2380 promittebatis
772 2300 887 2360 amoris
912 2297 1111 2382 obsequium,
1137 2296 1317 2362 traheretur
1342 2295 1382 2358 ad

433 2419 569 2464 crucem.
616 2396 678 2462 His
692 2419 766 2460 vero
789 2395 829 2460 de
852 2397 955 2461 causis
969 2398 1105 2463 credidit
1121 2420 1174 2463 vos
1196 2398 1284 2464 illius
1307 2420 1382 2464 con·

433 2511 572 2564 temnere
587 2497 787 2576 beneficium,
803 2499 855 2562 cui
871 2499 901 2562 in
925 2512 1014 2564 tanta
1034 2500 1217 2566 necessitate
1237 2501 1383 2567 noluistis

431 2616 583 2687 praestare
604 2600 792 2666 subsidium.
837 2604 911 2687 Ego
926 2625 1000 2666 vero
1021 2603 1099 2669 istas
1121 2616 1154 2668 et
1176 2603 1253 2667 alias
1278 2603 1382 2690 objec-

338 2776 340 2780 .
431 2703 533 2768 tiones
555 2704 636 2789 ejus,
659 2703 716 2767 etsi
740 2702 819 2767 mihi
840 2703 954 2768 validae
976 2704 1173 2786 riderentur,
1196 2707 1286 2792 quasi
1310 2729 1380 2771 ara·

429 2826 560 2869 nearum
584 2804 636 2868 fila
660 2803 801 2882 dissolvi,
825 2819 857 2869 et
882 2805 1008 2870 tandem
1034 2806 1153 2871 homiui
1176 2807 1319 2894 persuasi
1343 2823 1380 2873 ut

428 2929 485 2971 ros
507 2907 589 2971 inter
609 2906 820 2984 fidelissimos,
841 2920 873 2972 et
896 2907 1101 2972 amicissimos
1123 2921 1260 2995 reputet.
1306 2910 1379 2977 Scio

427 3006 509 3073 enim
521 3007 608 3095 quod
617 3009 715 3094 juxta
724 3009 853 3074 verbum
866 3031 971 3072 meum
984 3031 1111 3094 operam
1124 3008 1253 3087 dabitis,
1262 3023 1294 3076 et
1305 3012 1377 3077 dili-

426 3109 578 3194 gentiam,
595 3122 631 3173 ut
647 3129 706 3194 ope
722 3122 829 3174 vestra
851 3110 1004 3176 tutus'sit
1031 3111 1074 3175 ab
1095 3111 1282 3176 aemulorum
1305 3135 1378 3177 suo-

425 3233 496 3276 rum
513 3210 643 3277 insidiis.
691 3210 865 3297 Sexaginta
885 3211 1013 3291 solidos,
1030 3234 1112 3300 quos
1133 3213 1175 3277 ab
1195 3236 1233 3277 eo
1254 3216 1374 3300 accepi,

424 3313 543 3378 tradidi
559 3314 599 3376 A.
615 3325 732 3390 vestro,
748 3335 843 3400 quem
862 3314 1030 3399 oportebat
1047 3336 1170 3379 resuras
1188 3313 1375 3395 distrahere,

423 3420 449 3481 si
470 3416 657 3482 clericorum
681 3429 857 3481 vestrorum
882 3416 978 3482 vellet
1004 3416 1158 3503 impedire
1184 3415 1372 3483 clamorem:

422 3541 463 3585 an
472 3519 689 3597 benefecerim,
699 3517 887 3583 rescribetis.
918 3522 1077 3585 Praeterea
1087 3516 1223 3604 qualiter
1236 3540 1286 3581 me
1300 3541 1373 3583 cum

421 3621 550 3684 domino
579 3620 698 3685 Eliensi
728 3620 846 3684 versari
873 3632 1030 3706 oporteat,
1056 3619 1238 3695 rescribite,
1273 3644 1313 3685 an
1340 3623 1372 3685 in

420 3722 560 3807 pondere
571 3744 610 3785 an
626 3723 698 3807 puri
710 3723 833 3808 argenti
850 3722 1016 3810 pecuniam
1033 3724 1159 3810 exigere
1171 3724 1313 3790 debeam.
1344 3729 1373 3789 A

420 3819 510 3885 vobis
520 3837 766 3908 namqueetnon
776 3824 1100 3890 aliundemandatum
1110 3825 1227 3912 accepi.
1243 3827 1373 3892 Transii

418 3925 501 3988 enim
523 3923 589 3988 iere
610 3946 674 3987 rem
695 3925 823 3989 omnino
845 3948 906 3990 non
926 3928 1190 4012 praetereundam,
1206 3950 1309 4013 quum
1329 3929 1372 3993 ad

417 4026 664 4091 incolumitatem
686 4027 813 4091 honoris
832 4041 866 4091 et
888 4027 1037 4092 utilitatis
1059 4040 1173 4090 vestrre
1193 4027 1368 4112 plurimum

416 4132 615 4215 spectaverit.
659 4131 692 4195 Si
709 4130 857 4193 dominus
875 4129 1084 4194 Eboracensis
1099 4150 1204 4212 regem
1220 4151 1370 4193 coronare

415 4231 465 4295 vel
488 4230 611 4316 aliquid
637 4229 725 4294 aliud
750 4231 905 4296 adversus
928 4230 1088 4294 ecclesiam
1112 4230 1300 4295 temeritatis
1322 4232 1371 4296 in-

414 4335 531 4400 stinctu
545 4331 647 4396 moliri
657 4334 827 4397 tentaverit
837 4334 868 4396 in
881 4333 1042 4418 provincia
1051 4345 1168 4412 nostra,
1178 4332 1275 4397 nolite
1284 4356 1369 4397 com-

414 4441 574 4500 municare
596 4435 652 4511 illi,
669 4434 723 4499 sed
746 4458 859 4499 ausum
883 4436 1056 4521 reprimite,
1079 4436 1157 4521 quia
1179 4435 1366 4523 injuriarum

411 4550 591 4601 nostrarum
603 4537 688 4599 ultor
696 4551 744 4599 est
755 4538 914 4600 Dominus
925 4536 1081 4601 ultionum
1091 4538 1367 4602 Cantuariensium

413 4641 517 4700 Deus:
543 4637 568 4698 si
584 4648 689 4700 tamen
711 4659 766 4700 vos
785 4636 987 4722 aquilonares
1009 4637 1099 4698 sedes
1115 4652 1221 4703 nostra
1237 4638 1317 4703 laesit
1338 4637 1370 4699 in

411 4738 529 4823 aliquo,
544 4736 721 4800 satisfacere
741 4736 881 4820 prompti
907 4756 1028 4811 sumus,
1044 4735 1120 4797 dum
1140 4750 1244 4801 tamen
1261 4757 1375 4819 grave,

411 4839 487 4901 mini
499 4837 663 4899 nobiscum
679 4836 836 4898 calculum
856 4855 983 4919 ponere.
