<?xml version="1.0" encoding="UTF-8"?>
<!DOCTYPE html PUBLIC "-//W3C//DTD XHTML 1.0 Transitional//EN"
    "http://www.w3.org/TR/xhtml1/DTD/xhtml1-transitional.dtd">
<html xmlns="http://www.w3.org/1999/xhtml" xml:lang="en" lang="en">
 <head>
  <title>
</title>
<meta http-equiv="Content-Type" content="text/html;charset=utf-8" />
  <meta name='ocr-system' content='tesseract 3.04.00' />
  <meta name='ocr-capabilities' content='ocr_page ocr_carea ocr_par ocr_line ocrx_word'/>
</head>
<body>
  <div class='ocr_page' id='page_1' title='image "./joannissaresber14johngoog_0100.png"; bbox 0 0 3300 6434; ppageno 0'>
   <div class='ocr_carea' id='block_1_1' title="bbox 451 1207 1404 1286">
    <p class='ocr_par' dir='ltr' id='par_1_1' title="bbox 451 1207 1404 1286">
     <span class='ocr_line' id='line_1_1' title="bbox 451 1207 1404 1286; baseline -0.007 -12"><span class='ocrx_word' id='word_1_1' title='bbox 451 1216 492 1274; x_wconf 84' lang='lat'><strong>80</strong></span> <span class='ocrx_word' id='word_1_2' title='bbox 705 1225 841 1271; x_wconf 71' lang='lat' dir='ltr'><strong>rossum</strong></span> <span class='ocrx_word' id='word_1_3' title='bbox 856 1222 1136 1268; x_wconf 77' lang='lat' dir='ltr'><strong>ssessnsnrensrs</strong></span> <span class='ocrx_word' id='word_1_4' title='bbox 1309 1207 1354 1286; x_wconf 74' lang='lat' dir='ltr'><strong>[r.</strong></span> <span class='ocrx_word' id='word_1_5' title='bbox 1373 1226 1404 1271; x_wconf 92' lang='lat' dir='ltr'><strong>n.</strong></span> 
     </span>
    </p>
   </div>
   <div class='ocr_carea' id='block_1_2' title="bbox 450 1372 1408 1865">
    <p class='ocr_par' dir='ltr' id='par_1_2' title="bbox 450 1372 1408 1865">
     <span class='ocr_line' id='line_1_2' title="bbox 454 1372 1407 1460; baseline -0.001 -20"><span class='ocrx_word' id='word_1_6' title='bbox 454 1399 537 1455; x_wconf 92' lang='lat' dir='ltr'><strong>rum,</strong></span> <span class='ocrx_word' id='word_1_7' title='bbox 550 1389 582 1441; x_wconf 88' lang='lat' dir='ltr'><strong>et</strong></span> <span class='ocrx_word' id='word_1_8' title='bbox 596 1376 737 1441; x_wconf 90' lang='lat' dir='ltr'><strong>omnium</strong></span> <span class='ocrx_word' id='word_1_9' title='bbox 757 1374 936 1460; x_wconf 82' lang='lat' dir='ltr'><strong>exploravit</strong></span> <span class='ocrx_word' id='word_1_10' title='bbox 958 1372 1132 1436; x_wconf 89' lang='lat' dir='ltr'><strong>nobiscum.</strong></span> <span class='ocrx_word' id='word_1_11' title='bbox 1167 1373 1213 1436; x_wconf 86' lang='lat' dir='ltr'><strong>Et</strong></span> <span class='ocrx_word' id='word_1_12' title='bbox 1234 1396 1308 1458; x_wconf 79' lang='lat' dir='ltr'><strong>quae</strong></span> <span class='ocrx_word' id='word_1_13' title='bbox 1327 1377 1407 1440; x_wconf 89' lang='lat' dir='ltr'><strong>acei-</strong></span> 
     </span>
     <span class='ocr_line' id='line_1_3' title="bbox 452 1472 1408 1563; baseline -0.006 -23"><span class='ocrx_word' id='word_1_14' title='bbox 452 1478 547 1563; x_wconf 89' lang='lat' dir='ltr'><strong>pietis</strong></span> <span class='ocrx_word' id='word_1_15' title='bbox 562 1478 603 1543; x_wconf 86' lang='lat' dir='ltr'><strong>eb</strong></span> <span class='ocrx_word' id='word_1_16' title='bbox 625 1501 672 1553; x_wconf 89' lang='lat' dir='ltr'><strong>eo,</strong></span> <span class='ocrx_word' id='word_1_17' title='bbox 687 1477 728 1541; x_wconf 89' lang='lat' dir='ltr'><strong>de</strong></span> <span class='ocrx_word' id='word_1_18' title='bbox 750 1489 858 1539; x_wconf 90' lang='lat' dir='ltr'><strong>nostro</strong></span> <span class='ocrx_word' id='word_1_19' title='bbox 877 1486 1005 1559; x_wconf 85' lang='lat' dir='ltr'>pectore</span> <span class='ocrx_word' id='word_1_20' title='bbox 1023 1472 1209 1558; x_wconf 82' lang='lat' dir='ltr'><strong>processisse</strong></span> <span class='ocrx_word' id='word_1_21' title='bbox 1229 1496 1291 1537; x_wconf 93' lang='lat' dir='ltr'><strong>non</strong></span> <span class='ocrx_word' id='word_1_22' title='bbox 1313 1475 1408 1540; x_wconf 89' lang='lat' dir='ltr'><strong>dubi.</strong></span> 
     </span>
     <span class='ocr_line' id='line_1_4' title="bbox 453 1575 1404 1657; baseline 0 -15"><span class='ocrx_word' id='word_1_23' title='bbox 453 1581 536 1644; x_wconf 89' lang='lat' dir='ltr'><strong>tetis.</strong></span> <span class='ocrx_word' id='word_1_24' title='bbox 562 1581 629 1643; x_wconf 86' lang='lat' dir='ltr'><strong>Eos</strong></span> <span class='ocrx_word' id='word_1_25' title='bbox 644 1579 735 1643; x_wconf 88' lang='lat' dir='ltr'><strong>vobis</strong></span> <span class='ocrx_word' id='word_1_26' title='bbox 749 1575 1016 1647; x_wconf 84' lang='lat' dir='ltr'><strong>commendamus,</strong></span> <span class='ocrx_word' id='word_1_27' title='bbox 1029 1587 1177 1657; x_wconf 82' lang='lat' dir='ltr'><strong>rogantes</strong></span> <span class='ocrx_word' id='word_1_28' title='bbox 1192 1576 1355 1656; x_wconf 85' lang='lat' dir='ltr'><strong>attentius,</strong></span> <span class='ocrx_word' id='word_1_29' title='bbox 1367 1590 1404 1643; x_wconf 93' lang='lat' dir='ltr'><strong>nt</strong></span> 
     </span>
     <span class='ocr_line' id='line_1_5' title="bbox 450 1675 1403 1766; baseline -0.002 -22"><span class='ocrx_word' id='word_1_30' title='bbox 450 1702 601 1766; x_wconf 81' lang='lat' dir='ltr'><strong>personas</strong></span> <span class='ocrx_word' id='word_1_31' title='bbox 619 1701 741 1759; x_wconf 86' lang='lat' dir='ltr'><strong>eorum,</strong></span> <span class='ocrx_word' id='word_1_32' title='bbox 762 1678 788 1741; x_wconf 93' lang='lat' dir='ltr'><strong>si</strong></span> <span class='ocrx_word' id='word_1_33' title='bbox 810 1676 924 1762; x_wconf 88' lang='lat' dir='ltr'><strong>placet,</strong></span> <span class='ocrx_word' id='word_1_34' title='bbox 945 1675 1179 1740; x_wconf 85' lang='lat' dir='ltr'><strong>commendatas</strong></span> <span class='ocrx_word' id='word_1_35' title='bbox 1199 1675 1352 1751; x_wconf 84' lang='lat' dir='ltr'><strong>habeatis,</strong></span> <span class='ocrx_word' id='word_1_36' title='bbox 1371 1691 1403 1742; x_wconf 89' lang='lat' dir='ltr'><strong>et</strong></span> 
     </span>
     <span class='ocr_line' id='line_1_6' title="bbox 450 1776 1403 1865; baseline -0.001 -23"><span class='ocrx_word' id='word_1_37' title='bbox 450 1793 583 1859; x_wconf 86' lang='lat' dir='ltr'><strong>nostras,</strong></span> <span class='ocrx_word' id='word_1_38' title='bbox 602 1803 677 1865; x_wconf 87' lang='lat' dir='ltr'><strong>quoe</strong></span> <span class='ocrx_word' id='word_1_39' title='bbox 697 1780 728 1843; x_wconf 93' lang='lat' dir='ltr'><strong>in</strong></span> <span class='ocrx_word' id='word_1_40' title='bbox 750 1776 896 1842; x_wconf 83' lang='lat' dir='ltr'><strong>manibus</strong></span> <span class='ocrx_word' id='word_1_41' title='bbox 916 1788 990 1840; x_wconf 91' lang='lat' dir='ltr'><strong>sunt</strong></span> <span class='ocrx_word' id='word_1_42' title='bbox 1009 1798 1129 1855; x_wconf 90' lang='lat' dir='ltr'><strong>eorum,</strong></span> <span class='ocrx_word' id='word_1_43' title='bbox 1148 1776 1328 1861; x_wconf 83' lang='lat' dir='ltr'><strong>petitiones,</strong></span> <span class='ocrx_word' id='word_1_44' title='bbox 1349 1779 1403 1842; x_wconf 90' lang='lat' dir='ltr'><strong>be-</strong></span> 
     </span>
    </p>
   </div>
   <div class='ocr_carea' id='block_1_3' title="bbox 450 1880 748 1964">
    <p class='ocr_par' dir='ltr' id='par_1_3' title="bbox 450 1880 748 1964">
     <span class='ocr_line' id='line_1_7' title="bbox 450 1880 748 1964; baseline 0 -21"><span class='ocrx_word' id='word_1_45' title='bbox 450 1881 546 1964; x_wconf 82' lang='lat' dir='ltr'><strong>nigne</strong></span> <span class='ocrx_word' id='word_1_46' title='bbox 560 1880 748 1946; x_wconf 87' lang='lat' dir='ltr'><strong>admittatis.</strong></span> 
     </span>
    </p>
   </div>
   <div class='ocr_carea' id='block_1_4' title="bbox 593 2098 1250 2197">
    <p class='ocr_par' dir='ltr' id='par_1_4' title="bbox 593 2098 1250 2197">
     <span class='ocr_line' id='line_1_8' title="bbox 593 2098 1250 2197; baseline -0.006 -28"><span class='ocrx_word' id='word_1_47' title='bbox 593 2102 821 2197; x_wconf 82' lang='lat' dir='ltr'>EPISTOLA</span> <span class='ocrx_word' id='word_1_48' title='bbox 847 2098 1083 2164; x_wconf 58' lang='lat' dir='ltr'><strong>Lxlvr-in</strong></span> <span class='ocrx_word' id='word_1_49' title='bbox 1099 2119 1250 2165; x_wconf 83' lang='lat' dir='ltr'><strong>uonnnu.</strong></span> 
     </span>
    </p>
   </div>
   <div class='ocr_carea' id='block_1_5' title="bbox 424 2234 1401 4347">
    <p class='ocr_par' dir='ltr' id='par_1_5' title="bbox 445 2234 1400 3030">
     <span class='ocr_line' id='line_1_9' title="bbox 492 2234 1400 2323; baseline -0.003 -21"><span class='ocrx_word' id='word_1_50' title='bbox 492 2242 598 2303; x_wconf 78' lang='lat' dir='ltr'><strong>Arion</strong></span> <span class='ocrx_word' id='word_1_51' title='bbox 613 2238 762 2301; x_wconf 86' lang='lat' dir='ltr'><strong>fiduciam</strong></span> <span class='ocrx_word' id='word_1_52' title='bbox 777 2237 872 2323; x_wconf 90' lang='lat' dir='ltr'><strong>parit,</strong></span> <span class='ocrx_word' id='word_1_53' title='bbox 889 2249 921 2301; x_wconf 88' lang='lat' dir='ltr'><strong>et</strong></span> <span class='ocrx_word' id='word_1_54' title='bbox 943 2234 1030 2320; x_wconf 90' lang='lat' dir='ltr'><strong>apud</strong></span> <span class='ocrx_word' id='word_1_55' title='bbox 1046 2255 1118 2298; x_wconf 89' lang='lat' dir='ltr'><strong>eum</strong></span> <span class='ocrx_word' id='word_1_56' title='bbox 1140 2257 1235 2319; x_wconf 89' lang='lat' dir='ltr'><strong>quem</strong></span> <span class='ocrx_word' id='word_1_57' title='bbox 1252 2234 1400 2299; x_wconf 85' lang='lat' dir='ltr'><strong>ardenter</strong></span> 
     </span>
     <span class='ocr_line' id='line_1_10' title="bbox 448 2338 1398 2424; baseline -0.003 -21"><span class='ocrx_word' id='word_1_58' title='bbox 448 2354 546 2417; x_wconf 88' lang='lat' dir='ltr'><strong>amat,</strong></span> <span class='ocrx_word' id='word_1_59' title='bbox 561 2338 738 2403; x_wconf 86' lang='lat' dir='ltr'><strong>fiducialius</strong></span> <span class='ocrx_word' id='word_1_60' title='bbox 758 2360 852 2424; x_wconf 87' lang='lat' dir='ltr'><strong>agere</strong></span> <span class='ocrx_word' id='word_1_61' title='bbox 867 2341 1039 2401; x_wconf 85' lang='lat' dir='ltr'><strong>consuevit.</strong></span> <span class='ocrx_word' id='word_1_62' title='bbox 1070 2338 1141 2414; x_wconf 84' lang='lat' dir='ltr'><strong>Quo</strong></span> <span class='ocrx_word' id='word_1_63' title='bbox 1156 2350 1262 2400; x_wconf 85' lang='lat' dir='ltr'><strong>eutem</strong></span> <span class='ocrx_word' id='word_1_64' title='bbox 1283 2338 1398 2401; x_wconf 84' lang='lat' dir='ltr'><strong>affectu</strong></span> 
     </span>
     <span class='ocr_line' id='line_1_11' title="bbox 448 2438 1397 2526; baseline 0.002 -23"><span class='ocrx_word' id='word_1_65' title='bbox 448 2464 505 2504; x_wconf 87' lang='lat' dir='ltr'><strong>vos</strong></span> <span class='ocrx_word' id='word_1_66' title='bbox 515 2463 638 2526; x_wconf 87' lang='lat' dir='ltr'><strong>semper</strong></span> <span class='ocrx_word' id='word_1_67' title='bbox 648 2444 829 2517; x_wconf 82' lang='lat' dir='ltr'><strong>amaverim,</strong></span> <span class='ocrx_word' id='word_1_68' title='bbox 839 2439 987 2525; x_wconf 88' lang='lat' dir='ltr'><strong>operibus</strong></span> <span class='ocrx_word' id='word_1_69' title='bbox 998 2461 1093 2524; x_wconf 92' lang='lat' dir='ltr'><strong>quam</strong></span> <span class='ocrx_word' id='word_1_70' title='bbox 1107 2438 1211 2502; x_wconf 90' lang='lat' dir='ltr'><strong>verbis</strong></span> <span class='ocrx_word' id='word_1_71' title='bbox 1221 2439 1397 2513; x_wconf 83' lang='lat' dir='ltr'><strong>ostendere,</strong></span> 
     </span>
     <span class='ocr_line' id='line_1_12' title="bbox 449 2540 1396 2629; baseline 0 -23"><span class='ocrx_word' id='word_1_72' title='bbox 449 2563 571 2627; x_wconf 86' lang='lat' dir='ltr'><strong>semper</strong></span> <span class='ocrx_word' id='word_1_73' title='bbox 586 2541 748 2605; x_wconf 88' lang='lat' dir='ltr'><strong>honestius</strong></span> <span class='ocrx_word' id='word_1_74' title='bbox 763 2554 794 2604; x_wconf 91' lang='lat' dir='ltr'><strong>et</strong></span> <span class='ocrx_word' id='word_1_75' title='bbox 807 2540 917 2606; x_wconf 88' lang='lat' dir='ltr'><strong>utilius</strong></span> <span class='ocrx_word' id='word_1_76' title='bbox 931 2541 1091 2627; x_wconf 89' lang='lat' dir='ltr'><strong>reputavi,</strong></span> <span class='ocrx_word' id='word_1_77' title='bbox 1103 2563 1204 2626; x_wconf 90' lang='lat' dir='ltr'><strong>quum</strong></span> <span class='ocrx_word' id='word_1_78' title='bbox 1221 2552 1325 2605; x_wconf 87' lang='lat' dir='ltr'><strong>tamen</strong></span> <span class='ocrx_word' id='word_1_79' title='bbox 1337 2565 1396 2629; x_wconf 88' lang='lat' dir='ltr'><strong>pro</strong></span> 
     </span>
     <span class='ocr_line' id='line_1_13' title="bbox 446 2641 1399 2728; baseline 0.005 -24"><span class='ocrx_word' id='word_1_80' title='bbox 446 2654 520 2707; x_wconf 84' lang='lat' dir='ltr'><strong>voto</strong></span> <span class='ocrx_word' id='word_1_81' title='bbox 531 2665 703 2728; x_wconf 87' lang='lat' dir='ltr'><strong>numquam</strong></span> <span class='ocrx_word' id='word_1_82' title='bbox 721 2642 869 2706; x_wconf 85' lang='lat' dir='ltr'><strong>affectum</strong></span> <span class='ocrx_word' id='word_1_83' title='bbox 881 2641 1012 2728; x_wconf 90' lang='lat' dir='ltr'><strong>implere</strong></span> <span class='ocrx_word' id='word_1_84' title='bbox 1027 2642 1193 2727; x_wconf 88' lang='lat' dir='ltr'><strong>potuerim.</strong></span> <span class='ocrx_word' id='word_1_85' title='bbox 1217 2643 1280 2720; x_wconf 86' lang='lat' dir='ltr'><strong>Qui</strong></span> <span class='ocrx_word' id='word_1_86' title='bbox 1292 2645 1399 2709; x_wconf 86' lang='lat' dir='ltr'><strong>omnia</strong></span> 
     </span>
     <span class='ocr_line' id='line_1_14' title="bbox 446 2742 1398 2830; baseline 0.001 -22"><span class='ocrx_word' id='word_1_87' title='bbox 446 2745 534 2809; x_wconf 85' lang='lat' dir='ltr'><strong>novit</strong></span> <span class='ocrx_word' id='word_1_88' title='bbox 556 2743 634 2808; x_wconf 90' lang='lat' dir='ltr'><strong>mihi</strong></span> <span class='ocrx_word' id='word_1_89' title='bbox 657 2743 799 2808; x_wconf 88' lang='lat' dir='ltr'><strong>conscius</strong></span> <span class='ocrx_word' id='word_1_90' title='bbox 820 2752 879 2822; x_wconf 87' lang='lat' dir='ltr'><strong>est,</strong></span> <span class='ocrx_word' id='word_1_91' title='bbox 898 2742 984 2829; x_wconf 93' lang='lat' dir='ltr'><strong>quod</strong></span> <span class='ocrx_word' id='word_1_92' title='bbox 1006 2742 1144 2818; x_wconf 88' lang='lat' dir='ltr'><strong>devotio,</strong></span> <span class='ocrx_word' id='word_1_93' title='bbox 1168 2765 1263 2830; x_wconf 89' lang='lat' dir='ltr'><strong>quam</strong></span> <span class='ocrx_word' id='word_1_94' title='bbox 1286 2744 1318 2806; x_wconf 90' lang='lat' dir='ltr'><strong>in</strong></span> <span class='ocrx_word' id='word_1_95' title='bbox 1343 2767 1398 2809; x_wconf 89' lang='lat' dir='ltr'><strong>vos</strong></span> 
     </span>
     <span class='ocr_line' id='line_1_15' title="bbox 445 2843 1397 2931; baseline 0.001 -24"><span class='ocrx_word' id='word_1_96' title='bbox 445 2843 555 2922; x_wconf 86' lang='lat' dir='ltr'><strong>hebui,</strong></span> <span class='ocrx_word' id='word_1_97' title='bbox 571 2844 652 2908; x_wconf 89' lang='lat' dir='ltr'><strong>vires</strong></span> <span class='ocrx_word' id='word_1_98' title='bbox 666 2866 751 2908; x_wconf 91' lang='lat' dir='ltr'><strong>meas</strong></span> <span class='ocrx_word' id='word_1_99' title='bbox 766 2866 890 2930; x_wconf 85' lang='lat' dir='ltr'><strong>semper</strong></span> <span class='ocrx_word' id='word_1_100' title='bbox 905 2844 1049 2908; x_wconf 85' lang='lat' dir='ltr'><strong>excessit.</strong></span> <span class='ocrx_word' id='word_1_101' title='bbox 1073 2845 1173 2929; x_wconf 90' lang='lat' dir='ltr'><strong>Spero</strong></span> <span class='ocrx_word' id='word_1_102' title='bbox 1188 2843 1294 2928; x_wconf 90' lang='lat' dir='ltr'><strong>itaque</strong></span> <span class='ocrx_word' id='word_1_103' title='bbox 1309 2845 1397 2931; x_wconf 93' lang='lat' dir='ltr'><strong>qnod</strong></span> 
     </span>
     <span class='ocr_line' id='line_1_16' title="bbox 448 2945 1397 3030; baseline 0 -20"><span class='ocrx_word' id='word_1_104' title='bbox 448 2963 481 3010; x_wconf 87' lang='lat' dir='ltr'><strong>et</strong></span> <span class='ocrx_word' id='word_1_105' title='bbox 496 2946 642 3030; x_wconf 81' lang='lat' dir='ltr'><strong>majestas</strong></span> <span class='ocrx_word' id='word_1_106' title='bbox 664 2957 767 3010; x_wconf 89' lang='lat' dir='ltr'><strong>vestra</strong></span> <span class='ocrx_word' id='word_1_107' title='bbox 780 2946 813 3009; x_wconf 92' lang='lat' dir='ltr'><strong>in</strong></span> <span class='ocrx_word' id='word_1_108' title='bbox 837 2945 950 3010; x_wconf 87' lang='lat' dir='ltr'><strong>affectu</strong></span> <span class='ocrx_word' id='word_1_109' title='bbox 970 2945 1147 3009; x_wconf 89' lang='lat' dir='ltr'><strong>dulcedinis</strong></span> <span class='ocrx_word' id='word_1_110' title='bbox 1168 2946 1397 3011; x_wconf 88' lang='lat' dir='ltr'><strong>condescendet</strong></span> 
     </span>
    </p>

    <p class='ocr_par' dir='ltr' id='par_1_6' title="bbox 424 3044 1401 4347">
     <span class='ocr_line' id='line_1_17' title="bbox 424 3044 1401 3132; baseline 0.003 -23"><span class='ocrx_word' id='word_1_111' title='bbox 424 3071 426 3076; x_wconf 94' lang='lat'><em>·</em></span> <span class='ocrx_word' id='word_1_112' title='bbox 450 3044 540 3122; x_wconf 88' lang='lat' dir='ltr'><strong>mihi,</strong></span> <span class='ocrx_word' id='word_1_113' title='bbox 558 3059 589 3111; x_wconf 91' lang='lat' dir='ltr'><strong>et</strong></span> <span class='ocrx_word' id='word_1_114' title='bbox 613 3046 754 3132; x_wconf 82' lang='lat' dir='ltr'><strong>parvulis</strong></span> <span class='ocrx_word' id='word_1_115' title='bbox 775 3046 862 3111; x_wconf 88' lang='lat' dir='ltr'><strong>meis.</strong></span> <span class='ocrx_word' id='word_1_116' title='bbox 908 3049 953 3110; x_wconf 90' lang='lat' dir='ltr'><strong>Et</strong></span> <span class='ocrx_word' id='word_1_117' title='bbox 974 3046 1105 3131; x_wconf 90' lang='lat' dir='ltr'><strong>quidem</strong></span> <span class='ocrx_word' id='word_1_118' title='bbox 1128 3069 1235 3111; x_wconf 89' lang='lat' dir='ltr'><strong>omnes</strong></span> <span class='ocrx_word' id='word_1_119' title='bbox 1257 3049 1401 3112; x_wconf 89' lang='lat' dir='ltr'><strong>alumnos</strong></span> 
     </span>
     <span class='ocr_line' id='line_1_18' title="bbox 448 3147 1399 3233; baseline 0.002 -22"><span class='ocrx_word' id='word_1_120' title='bbox 448 3169 535 3212; x_wconf 88' lang='lat' dir='ltr'><strong>meos</strong></span> <span class='ocrx_word' id='word_1_121' title='bbox 556 3170 606 3211; x_wconf 91' lang='lat' dir='ltr'><strong>me</strong></span> <span class='ocrx_word' id='word_1_122' title='bbox 625 3147 747 3233; x_wconf 91' lang='lat' dir='ltr'><strong>pridem</strong></span> <span class='ocrx_word' id='word_1_123' title='bbox 765 3147 854 3211; x_wconf 85' lang='lat' dir='ltr'><strong>vobis</strong></span> <span class='ocrx_word' id='word_1_124' title='bbox 868 3148 997 3211; x_wconf 88' lang='lat' dir='ltr'><strong>memini</strong></span> <span class='ocrx_word' id='word_1_125' title='bbox 1019 3147 1263 3213; x_wconf 86' lang='lat' dir='ltr'><strong>commendasse.</strong></span> <span class='ocrx_word' id='word_1_126' title='bbox 1302 3155 1399 3214; x_wconf 88' lang='lat' dir='ltr'><strong>Nunc</strong></span> 
     </span>
     <span class='ocr_line' id='line_1_19' title="bbox 449 3246 1399 3335; baseline 0.001 -22"><span class='ocrx_word' id='word_1_127' title='bbox 449 3261 555 3313; x_wconf 90' lang='lat' dir='ltr'><strong>autem</strong></span> <span class='ocrx_word' id='word_1_128' title='bbox 572 3271 645 3312; x_wconf 88' lang='lat' dir='ltr'><strong>eum</strong></span> <span class='ocrx_word' id='word_1_129' title='bbox 668 3247 758 3312; x_wconf 89' lang='lat' dir='ltr'><strong>vobis</strong></span> <span class='ocrx_word' id='word_1_130' title='bbox 772 3246 957 3312; x_wconf 90' lang='lat' dir='ltr'><strong>commendo</strong></span> <span class='ocrx_word' id='word_1_131' title='bbox 979 3270 1047 3335; x_wconf 87' lang='lat' dir='ltr'><strong>prae</strong></span> <span class='ocrx_word' id='word_1_132' title='bbox 1064 3248 1196 3325; x_wconf 75' lang='lat' dir='ltr'><strong>caeteris,</strong></span> <span class='ocrx_word' id='word_1_133' title='bbox 1217 3250 1320 3335; x_wconf 89' lang='lat' dir='ltr'><strong>quiin</strong></span> <span class='ocrx_word' id='word_1_134' title='bbox 1344 3250 1399 3314; x_wconf 50' lang='grc' dir='ltr'><strong>οἱ»</strong></span> 
     </span>
     <span class='ocr_line' id='line_1_20' title="bbox 448 3347 1397 3436; baseline 0.003 -23"><span class='ocrx_word' id='word_1_135' title='bbox 448 3349 559 3436; x_wconf 87' lang='lat' dir='ltr'><strong>seqnio</strong></span> <span class='ocrx_word' id='word_1_136' title='bbox 574 3371 643 3413; x_wconf 87' lang='lat' dir='ltr'><strong>meo</strong></span> <span class='ocrx_word' id='word_1_137' title='bbox 655 3371 722 3434; x_wconf 88' lang='lat' dir='ltr'><strong>prae</strong></span> <span class='ocrx_word' id='word_1_138' title='bbox 738 3351 862 3413; x_wconf 84' lang='lat' dir='ltr'><strong>caeteris</strong></span> <span class='ocrx_word' id='word_1_139' title='bbox 873 3347 1039 3431; x_wconf 83' lang='lat' dir='ltr'><strong>laboravit,</strong></span> <span class='ocrx_word' id='word_1_140' title='bbox 1053 3363 1085 3415; x_wconf 91' lang='lat' dir='ltr'><strong>et</strong></span> <span class='ocrx_word' id='word_1_141' title='bbox 1101 3350 1264 3416; x_wconf 89' lang='lat' dir='ltr'><strong>minimum</strong></span> <span class='ocrx_word' id='word_1_142' title='bbox 1277 3351 1397 3436; x_wconf 90' lang='lat' dir='ltr'><strong>accepit</strong></span> 
     </span>
     <span class='ocr_line' id='line_1_21' title="bbox 446 3451 1397 3538; baseline 0.001 -22"><span class='ocrx_word' id='word_1_143' title='bbox 446 3451 486 3516; x_wconf 91' lang='lat' dir='ltr'><strong>de</strong></span> <span class='ocrx_word' id='word_1_144' title='bbox 507 3472 603 3516; x_wconf 88' lang='lat' dir='ltr'><strong>menn</strong></span> <span class='ocrx_word' id='word_1_145' title='bbox 626 3475 704 3526; x_wconf 88' lang='lat' dir='ltr'><strong>mea,</strong></span> <span class='ocrx_word' id='word_1_146' title='bbox 728 3474 830 3538; x_wconf 91' lang='lat' dir='ltr'><strong>quum</strong></span> <span class='ocrx_word' id='word_1_147' title='bbox 853 3452 1031 3517; x_wconf 89' lang='lat' dir='ltr'><strong>sinceritate</strong></span> <span class='ocrx_word' id='word_1_148' title='bbox 1054 3453 1127 3517; x_wconf 87' lang='lat' dir='ltr'><strong>fidei</strong></span> <span class='ocrx_word' id='word_1_149' title='bbox 1149 3466 1181 3517; x_wconf 93' lang='lat' dir='ltr'><strong>et</strong></span> <span class='ocrx_word' id='word_1_150' title='bbox 1202 3452 1397 3518; x_wconf 88' lang='lat' dir='ltr'><strong>exhibitione</strong></span> 
     </span>
     <span class='ocr_line' id='line_1_22' title="bbox 444 3555 1396 3643; baseline 0.002 -24"><span class='ocrx_word' id='word_1_151' title='bbox 444 3557 549 3643; x_wconf 87' lang='lat' dir='ltr'><strong>operis</strong></span> <span class='ocrx_word' id='word_1_152' title='bbox 564 3556 713 3620; x_wconf 87' lang='lat' dir='ltr'><strong>meruerit</strong></span> <span class='ocrx_word' id='word_1_153' title='bbox 730 3556 917 3642; x_wconf 90' lang='lat' dir='ltr'><strong>plurimum.</strong></span> <span class='ocrx_word' id='word_1_154' title='bbox 948 3556 998 3621; x_wconf 85' lang='lat' dir='ltr'><strong>Ad</strong></span> <span class='ocrx_word' id='word_1_155' title='bbox 1015 3556 1111 3643; x_wconf 88' lang='lat' dir='ltr'><strong>pedes</strong></span> <span class='ocrx_word' id='word_1_156' title='bbox 1132 3579 1209 3641; x_wconf 84' lang='lat' dir='ltr'><strong>ergo</strong></span> <span class='ocrx_word' id='word_1_157' title='bbox 1222 3555 1396 3621; x_wconf 87' lang='lat' dir='ltr'><strong>clementiae</strong></span> 
     </span>
     <span class='ocr_line' id='line_1_23' title="bbox 447 3657 1398 3745; baseline 0.002 -26"><span class='ocrx_word' id='word_1_158' title='bbox 447 3670 561 3720; x_wconf 85' lang='lat' dir='ltr'><strong>vestrae</strong></span> <span class='ocrx_word' id='word_1_159' title='bbox 584 3662 764 3742; x_wconf 84' lang='lat' dir='ltr'><strong>provolvor,</strong></span> <span class='ocrx_word' id='word_1_160' title='bbox 788 3669 907 3740; x_wconf 88' lang='lat' dir='ltr'><strong>quanta</strong></span> <span class='ocrx_word' id='word_1_161' title='bbox 932 3680 1060 3743; x_wconf 91' lang='lat' dir='ltr'><strong>possum</strong></span> <span class='ocrx_word' id='word_1_162' title='bbox 1087 3657 1253 3722; x_wconf 84' lang='lat' dir='ltr'><strong>devotione</strong></span> <span class='ocrx_word' id='word_1_163' title='bbox 1277 3657 1398 3745; x_wconf 91' lang='lat' dir='ltr'><strong>suppli-</strong></span> 
     </span>
     <span class='ocr_line' id='line_1_24' title="bbox 447 3757 1394 3846; baseline 0.005 -27"><span class='ocrx_word' id='word_1_164' title='bbox 447 3779 531 3833; x_wconf 85' lang='lat' dir='ltr'><strong>cans,</strong></span> <span class='ocrx_word' id='word_1_165' title='bbox 549 3770 583 3821; x_wconf 92' lang='lat' dir='ltr'><strong>ut</strong></span> <span class='ocrx_word' id='word_1_166' title='bbox 605 3780 678 3821; x_wconf 91' lang='lat' dir='ltr'><strong>enm</strong></span> <span class='ocrx_word' id='word_1_167' title='bbox 699 3757 953 3823; x_wconf 86' lang='lat' dir='ltr'><strong>commendatum</strong></span> <span class='ocrx_word' id='word_1_168' title='bbox 976 3759 1127 3836; x_wconf 87' lang='lat' dir='ltr'><strong>habeatis,</strong></span> <span class='ocrx_word' id='word_1_169' title='bbox 1144 3760 1267 3846; x_wconf 87' lang='lat' dir='ltr'><strong>ipsique</strong></span> <span class='ocrx_word' id='word_1_170' title='bbox 1289 3782 1394 3825; x_wconf 88' lang='lat' dir='ltr'><strong>meum</strong></span> 
     </span>
     <span class='ocr_line' id='line_1_25' title="bbox 446 3856 1396 3947; baseline 0.005 -27"><span class='ocrx_word' id='word_1_171' title='bbox 446 3856 607 3921; x_wconf 82' lang='lat' dir='ltr'><strong>defectum</strong></span> <span class='ocrx_word' id='word_1_172' title='bbox 630 3857 776 3945; x_wconf 90' lang='lat' dir='ltr'><strong>suppleat</strong></span> <span class='ocrx_word' id='word_1_173' title='bbox 798 3860 1005 3944; x_wconf 80' lang='lat' dir='ltr'><strong>benignitatis</strong></span> <span class='ocrx_word' id='word_1_174' title='bbox 1029 3874 1145 3937; x_wconf 79' lang='lat' dir='ltr'><strong>vestra,</strong></span> <span class='ocrx_word' id='word_1_175' title='bbox 1168 3875 1200 3925; x_wconf 90' lang='lat' dir='ltr'><strong>et</strong></span> <span class='ocrx_word' id='word_1_176' title='bbox 1222 3885 1322 3947; x_wconf 90' lang='lat' dir='ltr'><strong>quum</strong></span> <span class='ocrx_word' id='word_1_177' title='bbox 1345 3884 1396 3924; x_wconf 90' lang='lat' dir='ltr'><strong>me</strong></span> 
     </span>
     <span class='ocr_line' id='line_1_26' title="bbox 446 3959 1397 4046; baseline 0.004 -24"><span class='ocrx_word' id='word_1_178' title='bbox 446 3959 595 4033; x_wconf 83' lang='lat' dir='ltr'><strong>emiserit,</strong></span> <span class='ocrx_word' id='word_1_179' title='bbox 610 3959 639 4023; x_wconf 92' lang='lat' dir='ltr'><strong>ei</strong></span> <span class='ocrx_word' id='word_1_180' title='bbox 653 3982 711 4045; x_wconf 88' lang='lat' dir='ltr'><strong>pro</strong></span> <span class='ocrx_word' id='word_1_181' title='bbox 732 3981 781 4023; x_wconf 88' lang='lat' dir='ltr'><strong>me</strong></span> <span class='ocrx_word' id='word_1_182' title='bbox 796 3961 945 4025; x_wconf 86' lang='lat' dir='ltr'><strong>serenitas</strong></span> <span class='ocrx_word' id='word_1_183' title='bbox 968 3974 1081 4036; x_wconf 84' lang='lat' dir='ltr'><strong>vestra,</strong></span> <span class='ocrx_word' id='word_1_184' title='bbox 1097 3964 1123 4025; x_wconf 92' lang='lat' dir='ltr'><strong>si</strong></span> <span class='ocrx_word' id='word_1_185' title='bbox 1138 3961 1252 4045; x_wconf 88' lang='lat' dir='ltr'><strong>placet,</strong></span> <span class='ocrx_word' id='word_1_186' title='bbox 1269 3986 1397 4046; x_wconf 89' lang='lat' dir='ltr'><strong>respon-</strong></span> 
     </span>
     <span class='ocr_line' id='line_1_27' title="bbox 444 4056 1393 4144; baseline 0.002 -23"><span class='ocrx_word' id='word_1_187' title='bbox 444 4056 519 4122; x_wconf 88' lang='lat' dir='ltr'><strong>deat</strong></span> <span class='ocrx_word' id='word_1_188' title='bbox 529 4059 562 4121; x_wconf 90' lang='lat' dir='ltr'><strong>in</strong></span> <span class='ocrx_word' id='word_1_189' title='bbox 574 4057 689 4123; x_wconf 83' lang='lat' dir='ltr'><strong>affectu</strong></span> <span class='ocrx_word' id='word_1_190' title='bbox 702 4058 890 4136; x_wconf 88' lang='lat' dir='ltr'><strong>dulcedinis,</strong></span> <span class='ocrx_word' id='word_1_191' title='bbox 902 4072 934 4125; x_wconf 90' lang='lat' dir='ltr'><strong>et</strong></span> <span class='ocrx_word' id='word_1_192' title='bbox 944 4057 1156 4123; x_wconf 89' lang='lat' dir='ltr'><strong>consolatione</strong></span> <span class='ocrx_word' id='word_1_193' title='bbox 1168 4059 1267 4144; x_wconf 88' lang='lat' dir='ltr'><strong>patris</strong></span> <span class='ocrx_word' id='word_1_194' title='bbox 1278 4060 1393 4123; x_wconf 88' lang='lat' dir='ltr'><strong>amissi.</strong></span> 
     </span>
     <span class='ocr_line' id='line_1_28' title="bbox 448 4157 1396 4246; baseline 0 -25"><span class='ocrx_word' id='word_1_195' title='bbox 448 4160 482 4222; x_wconf 91' lang='lat' dir='ltr'><strong>Is</strong></span> <span class='ocrx_word' id='word_1_196' title='bbox 496 4169 544 4224; x_wconf 85' lang='lat' dir='ltr'><strong>est</strong></span> <span class='ocrx_word' id='word_1_197' title='bbox 554 4163 576 4224; x_wconf 92' lang='lat' dir='ltr'><strong>J</strong></span> <span class='ocrx_word' id='word_1_198' title='bbox 576 4182 691 4223; x_wconf 90' lang='lat' dir='ltr'><strong>oannes</strong></span> <span class='ocrx_word' id='word_1_199' title='bbox 706 4159 746 4223; x_wconf 90' lang='lat' dir='ltr'><strong>de</strong></span> <span class='ocrx_word' id='word_1_200' title='bbox 759 4161 826 4225; x_wconf 87' lang='lat' dir='ltr'><strong>Sar.</strong></span> <span class='ocrx_word' id='word_1_201' title='bbox 838 4183 932 4246; x_wconf 88' lang='lat' dir='ltr'><strong>quem</strong></span> <span class='ocrx_word' id='word_1_202' title='bbox 947 4160 1059 4244; x_wconf 88' lang='lat' dir='ltr'><strong>utique</strong></span> <span class='ocrx_word' id='word_1_203' title='bbox 1068 4157 1121 4223; x_wconf 89' lang='lat' dir='ltr'><strong>alii</strong></span> <span class='ocrx_word' id='word_1_204' title='bbox 1134 4158 1396 4236; x_wconf 89' lang='lat' dir='ltr'><strong>commendarem,</strong></span> 
     </span>
     <span class='ocr_line' id='line_1_29' title="bbox 444 4260 1359 4347; baseline -0.001 -22"><span class='ocrx_word' id='word_1_205' title='bbox 444 4261 468 4325; x_wconf 91' lang='lat' dir='ltr'><strong>si</strong></span> <span class='ocrx_word' id='word_1_206' title='bbox 484 4262 581 4326; x_wconf 89' lang='lat' dir='ltr'><strong>alium</strong></span> <span class='ocrx_word' id='word_1_207' title='bbox 597 4262 679 4326; x_wconf 91' lang='lat' dir='ltr'><strong>inter</strong></span> <span class='ocrx_word' id='word_1_208' title='bbox 693 4262 808 4326; x_wconf 90' lang='lat' dir='ltr'><strong>amicos</strong></span> <span class='ocrx_word' id='word_1_209' title='bbox 823 4279 854 4327; x_wconf 89' lang='lat' dir='ltr'><strong>et</strong></span> <span class='ocrx_word' id='word_1_210' title='bbox 869 4263 1014 4328; x_wconf 90' lang='lat' dir='ltr'><strong>dominos</strong></span> <span class='ocrx_word' id='word_1_211' title='bbox 1030 4262 1176 4327; x_wconf 87' lang='lat' dir='ltr'><strong>haberem</strong></span> <span class='ocrx_word' id='word_1_212' title='bbox 1192 4260 1359 4347; x_wconf 87' lang='lat' dir='ltr'><strong>potiorem.</strong></span> 
     </span>
    </p>
   </div>
   <div class='ocr_carea' id='block_1_6' title="bbox 577 4468 1269 4536">
    <p class='ocr_par' dir='ltr' id='par_1_7' title="bbox 577 4468 1269 4536">
     <span class='ocr_line' id='line_1_30' title="bbox 577 4468 1269 4536; baseline 0.007 -6"><span class='ocrx_word' id='word_1_213' title='bbox 577 4468 815 4531; x_wconf 86' lang='lat' dir='ltr'>EPISTOLA</span> <span class='ocrx_word' id='word_1_214' title='bbox 842 4471 1101 4536; x_wconf 74' lang='lat' dir='ltr'><strong>LXIV.**-an</strong></span> <span class='ocrx_word' id='word_1_215' title='bbox 1117 4490 1269 4535; x_wconf 78' lang='lat' dir='ltr'><strong>sennen.</strong></span> 
     </span>
    </p>
   </div>
   <div class='ocr_carea' id='block_1_7' title="bbox 445 4601 1401 4886">
    <p class='ocr_par' dir='ltr' id='par_1_8' title="bbox 445 4601 1401 4886">
     <span class='ocr_line' id='line_1_31' title="bbox 489 4601 1396 4678; baseline 0.003 -15"><span class='ocrx_word' id='word_1_216' title='bbox 489 4603 667 4671; x_wconf 71' lang='lat' dir='ltr'><strong>Numnam</strong></span> <span class='ocrx_word' id='word_1_217' title='bbox 694 4601 825 4665; x_wconf 87' lang='lat' dir='ltr'><strong>satisfiet</strong></span> <span class='ocrx_word' id='word_1_218' title='bbox 856 4603 887 4665; x_wconf 92' lang='lat' dir='ltr'><strong>in</strong></span> <span class='ocrx_word' id='word_1_219' title='bbox 919 4624 1012 4666; x_wconf 82' lang='lat' dir='ltr'><strong>carne</strong></span> <span class='ocrx_word' id='word_1_220' title='bbox 1042 4601 1199 4665; x_wconf 88' lang='lat' dir='ltr'><strong>desiderio</strong></span> <span class='ocrx_word' id='word_1_221' title='bbox 1230 4625 1310 4678; x_wconf 89' lang='lat' dir='ltr'><strong>meo,</strong></span> <span class='ocrx_word' id='word_1_222' title='bbox 1337 4604 1396 4666; x_wconf 90' lang='lat' dir='ltr'><strong>nisi</strong></span> 
     </span>
     <span class='ocr_line' id='line_1_32' title="bbox 445 4698 1397 4767; baseline 0.007 -7"><span class='ocrx_word' id='word_1_223' title='bbox 445 4698 740 4764; x_wconf 88' lang='lat' dir='ltr'><strong>desideratissimam</strong></span> <span class='ocrx_word' id='word_1_224' title='bbox 756 4700 867 4765; x_wconf 84' lang='lat' dir='ltr'><strong>faeiem</strong></span> <span class='ocrx_word' id='word_1_225' title='bbox 886 4716 1021 4766; x_wconf 84' lang='lat' dir='ltr'><strong>vestram</strong></span> <span class='ocrx_word' id='word_1_226' title='bbox 1038 4702 1115 4765; x_wconf 89' lang='lat' dir='ltr'><strong>mihi</strong></span> <span class='ocrx_word' id='word_1_227' title='bbox 1132 4704 1165 4765; x_wconf 91' lang='lat' dir='ltr'><strong>in</strong></span> <span class='ocrx_word' id='word_1_228' title='bbox 1181 4725 1274 4765; x_wconf 79' lang='lat' dir='ltr'><strong>corne</strong></span> <span class='ocrx_word' id='word_1_229' title='bbox 1291 4704 1397 4767; x_wconf 86' lang='lat' dir='ltr'><strong>videre</strong></span> 
     </span>
     <span class='ocr_line' id='line_1_33' title="bbox 446 4799 1401 4886; baseline 0.006 -27"><span class='ocrx_word' id='word_1_230' title='bbox 446 4799 619 4883; x_wconf 82' lang='lat' dir='ltr'><strong>contigerit.</strong></span> <span class='ocrx_word' id='word_1_231' title='bbox 639 4802 786 4867; x_wconf 87' lang='lat' dir='ltr'><strong>Dimittet</strong></span> <span class='ocrx_word' id='word_1_232' title='bbox 800 4816 867 4866; x_wconf 87' lang='lat' dir='ltr'><strong>tum</strong></span> <span class='ocrx_word' id='word_1_233' title='bbox 882 4801 912 4863; x_wconf 90' lang='lat' dir='ltr'><strong>in</strong></span> <span class='ocrx_word' id='word_1_234' title='bbox 924 4823 999 4886; x_wconf 89' lang='lat' dir='ltr'><strong>pace</strong></span> <span class='ocrx_word' id='word_1_235' title='bbox 1010 4800 1169 4864; x_wconf 79' lang='lat' dir='ltr'><strong>servulum</strong></span> <span class='ocrx_word' id='word_1_236' title='bbox 1181 4825 1275 4866; x_wconf 87' lang='lat' dir='ltr'><strong>suum</strong></span> <span class='ocrx_word' id='word_1_237' title='bbox 1289 4802 1401 4865; x_wconf 87' lang='lat' dir='ltr'><strong>Chris-</strong></span> 
     </span>
    </p>
   </div>
   <div class='ocr_carea' id='block_1_8' title="bbox 0 0 1654 6434">
    <p class='ocr_par' dir='ltr' id='par_1_9' title="bbox 0 0 1654 6434">
     <span class='ocr_line' id='line_1_34' title="bbox 0 0 1654 6434; baseline 0 7"><span class='ocrx_word' id='word_1_238' title='bbox 0 0 1654 6434; x_wconf 95' lang='lat' dir='ltr'><strong> </strong></span> 
     </span>
    </p>
   </div>
  </div>
 </body>
</html>
