3300 6434
339 1209 381 1267 34
599 1222 736 1267 rosuula
752 1224 1031 1269 saaasumusssis
1204 1206 1250 1284 [s.
1270 1224 1300 1268 u.

343 1406 570 1472 EPISTOLA
596 1405 844 1473 xxx11.-rn
858 1428 1016 1473 scaurum
1032 1427 1299 1472 rnnsaumruuu

670 1529 965 1575 caurummusru.

519 1628 646 1691 «Ioanni
660 1628 865 1691 thesaurario
882 1627 1128 1690 cantuariensi.

390 1743 498 1809 [ποετ
522 1755 627 1807 vestro
650 1743 707 1806 sim
730 1743 869 1807 offensus
891 1743 1026 1823 silentio,
1055 1743 1172 1807 amicos
1195 1755 1300 1808 tamen

346 1843 702 1935 alloquorveloffensus.
719 1844 1303 1931 Alloquorquidem,sedaliosermone

348 1969 445 2034 quam
464 1947 662 2035 negligentia
683 1961 789 2012 vestra
809 1947 971 2011 meruerit.
1017 1947 1044 2009 F
1047 1945 1166 2011 ueratis
1187 1947 1303 2010 etenim

347 2045 387 2110 de
413 2046 622 2112 immoderato
644 2047 770 2113 silentio
798 2045 1004 2133 objurgandi,
1029 2045 1084 2109 sed
1107 2044 1304 2132 indignantis

348 2147 496 2235 spiritum
524 2149 713 2214 venerabilis
748 2161 840 2233 pater
876 2146 960 2213 Rod.
991 2147 1173 2233 Episcopus
1203 2148 1303 2212 sancti

348 2248 485 2314 Andreae
500 2250 654 2329 cohibuit,
665 2273 831 2336 personam
845 2271 933 2312 suam
944 2262 974 2313 et
991 2269 1121 2313 causam
1137 2249 1303 2312 industriae

349 2363 464 2413 vestrae
475 2350 689 2415 commendari
704 2350 900 2414 desiderans:
925 2364 1020 2415 vexat
1032 2373 1104 2415 eum
1118 2350 1217 2414 abbas
1230 2349 1303 2414 Cal-

350 2449 481 2526 coensis,
496 2450 732 2537 Acephalorum
746 2463 934 2537 provocatus
945 2450 1103 2538 exemplo,
1113 2466 1145 2516 et
1154 2474 1211 2537 per
1221 2452 1303 2515 riam

350 2548 574 2616 inobedientiae
603 2575 700 2639 quarn
731 2552 883 2618 Christus
913 2552 1051 2638 ignorat,
1078 2552 1239 2638 quandam
1272 2554 1306 2616 li-

351 2655 483 2719 bertatis
495 2654 665 2740 imaginem
680 2655 922 2742 apprehendens
936 2655 978 2719 ad
992 2656 1180 2741 episcopalia
1195 2672 1305 2720 aucto-

351 2755 455 2820 ritatis
486 2756 676 2842 parilitatem
703 2755 852 2843 assurgit.
898 2757 1052 2843 Episcopi
1075 2778 1151 2820 vero
1177 2779 1305 2822 causam

354 2858 445 2922 robis
478 2871 570 2945 pater
600 2858 840 2925 cantuariensis
869 2858 1082 2934 commendat,
1112 2873 1144 2924 et
1173 2883 1244 2945 ego,
1274 2872 1307 2923 et

353 2982 448 3047 quern
465 2972 665 3026 contemnere
679 2983 742 3026 non
765 2960 938 3035 audebitis,
961 2960 1090 3025 humilis
1104 2961 1305 3025 commendat

351 3075 382 3126 et
393 3064 515 3149 justus,
528 3062 677 3129 Christus
688 3063 848 3127 Dominus
859 3084 972 3126 nomen
984 3062 1041 3127 illi.
1073 3062 1195 3127 Silentii
1208 3062 1305 3126 vestri

353 3163 466 3229 vitium
481 3164 684 3251 aliquatenus
699 3167 730 3229 in
740 3166 881 3252 episcopi
896 3188 992 3229 causa
1006 3165 1211 3252 purgabitur,
1227 3164 1305 3229 dum

352 3278 456 3329 tamen
472 3264 567 3350 culpa
578 3264 761 3351 praecedens
771 3266 1009 3330 continuatione
1022 3266 1071 3329 sui
1087 3288 1149 3328 non
1161 3279 1307 3330 vertatur

350 3367 382 3431 in
412 3366 540 3431 crimen.
587 3367 620 3432 Si
643 3390 718 3430 vero
740 3365 878 3452 amplius
902 3367 1063 3440 silueritis,
1087 3389 1148 3430 non
1171 3367 1308 3432 credatis

350 3468 441 3533 vobis
464 3490 531 3533 esse
555 3468 772 3555 parcendum:
808 3470 885 3555 quia
910 3470 967 3556 qui
999 3491 1083 3533 nunc
1109 3470 1218 3532 amicis
1244 3492 1306 3532 non

352 3570 436 3635 datis
450 3571 562 3652 verba,
582 3570 847 3656 extorquebimus
868 3576 918 3636 vel
939 3571 1080 3635 verbera.
1126 3570 1228 3657 Apud
1252 3593 1309 3634 nos

355 3671 434 3735 nihil
464 3687 512 3737 est
547 3673 745 3748 innovatum,
777 3672 836 3738 uisi
867 3674 955 3760 quod
985 3672 1134 3739 dominus
1170 3672 1310 3740 Eliensis

357 3772 507 3838 mandato
522 3773 642 3837 domini
667 3773 799 3839 Bosouis
820 3775 986 3852 satisfecit,
1002 3775 1084 3842 sicut
1100 3777 1157 3855 illi,
1172 3790 1203 3841 et
1220 3777 1310 3841 vobis

356 3874 493 3939 secundo
503 3875 572 3961 jam
588 3876 709 3963 scripsi.

354 4063 575 4127 EPISTOLA
599 4060 875 4125 xxx111.-n›
891 4078 1099 4125 wrisnmruu
1116 4077 1309 4125 uoawrcsu·

690 4185 756 4228 ssu
774 4181 971 4228 serscoauu.

562 4292 715 4354 Willelmo
731 4292 933 4353 Norwicensi
947 4296 1101 4372 episcopo.

397 4423 597 4483 Maurorum
611 4417 791 4482 excessibus
801 4418 883 4481 viam
896 4417 1011 4504 aperit,
1021 4415 1079 4502 qui
1091 4416 1308 4504 subjectorum

354 4519 560 4584 dissimulatis
588 4519 760 4598 erroribus,
790 4520 817 4582 ei
852 4534 984 4605 praestat
1014 4518 1179 4582 audaciam
1209 4520 1311 4584 delin-

353 4619 484 4704 quendi.
531 4621 582 4683 Tu
612 4619 773 4683 antemio
798 4618 944 4700 injuriam
969 4618 1053 4682 sedis
1075 4618 1257 4705 apostolicae
1278 4631 1311 4681 et

353 4731 569 4805 contemptum
586 4732 729 4783 nostrum
748 4720 892 4803 graviter
916 4719 1031 4783 diceris
1056 4718 1240 4804 deliquisse,
1255 4718 1310 4802 qui

353 4834 520 4906 postquam
537 4821 577 4884 ad
596 4844 653 4884 nos
679 4843 776 4906 super
801 4842 911 4901 causa,
926 4843 1000 4904 quae
1017 4820 1203 4884 vertebatur
1227 4820 1310 4882 inter
