3300 6434
443 1245 482 1304 st
691 1255 828 1300 somnus
844 1255 1121 1299 sanasamuansrs
1300 1238 1346 1316 [a.
1366 1255 1401 1296 n.

444 1421 570 1472 centum
599 1406 689 1470 annis
717 1406 858 1492 possedit
885 1404 1043 1469 mutilare.
1081 1404 1263 1489 Stupebant
1291 1416 1399 1467 autem

445 1531 553 1572 omnes
571 1530 667 1593 super
690 1507 771 1571 tanti
787 1530 885 1570 ausus
900 1506 1074 1592 pertinacia
1088 1506 1258 1591 impunita.
1289 1506 1398 1581 Quum

443 1622 550 1673 autem
567 1608 711 1693 quinque
727 1620 784 1672 aut
799 1618 919 1692 septem
935 1607 1157 1692 interjacentes
1179 1605 1348 1690 parochiae,
1364 1618 1401 1669 ut

444 1712 544 1785 aiunt,
570 1709 706 1773 oculatae
734 1708 821 1783 fidei,
853 1707 1053 1772 manifestent
1084 1706 1233 1783 fundum,
1264 1706 1304 1769 de
1334 1730 1402 1792 quo

443 1812 562 1897 agitur,
573 1810 661 1874 nullo
676 1810 773 1873 modo
788 1808 828 1871 ad
843 1808 1035 1872 Cistrensem
1052 1808 1214 1871 ecclesiam
1227 1806 1403 1891 pertinere:

442 1925 532 1976 erant
548 1932 676 1996 quoque
687 1922 859 1996 praesentes
873 1908 989 1984 clerici,
1003 1912 1060 1992 qui
1076 1908 1136 1971 sibi
1152 1908 1216 1970 vim
1233 1920 1265 1972 et
1280 1922 1401 1971 atroces

441 2013 572 2098 injurias
583 2012 687 2076 illatas
701 2012 929 2097 querebantur,
941 2025 972 2074 et
989 2011 1102 2073 vicinis
1117 2010 1281 2073 constabat
1298 2010 1398 2072 omni-

441 2114 510 2193 bus,
533 2112 620 2199 quod
648 2112 766 2177 eisdem
789 2111 990 2198 parochianis
1012 2112 1194 2176 sacerdotes
1217 2110 1315 2173 nostri
1341 2133 1399 2196 per

442 2227 545 2279 totum
560 2237 679 2277 annum
694 2216 800 2277 omnia
814 2213 922 2277 divina
935 2212 1124 2278 ministrant.
1152 2215 1232 2276 Haec
1248 2225 1279 2277 et
1296 2211 1400 2275 multo

442 2315 536 2402 plura
550 2315 589 2378 ad
606 2317 770 2379 dominum
791 2314 1077 2400 archiepiscopum,
1094 2333 1125 2379 et
1151 2338 1210 2401 pro
1231 2328 1332 2400 parte,
1348 2337 1399 2377 me

442 2417 555 2495 invito,
575 2416 699 2503 prolata
721 2430 806 2491 sunt,
822 2415 965 2502 adeoque
988 2417 1132 2502 undique
1155 2416 1397 2492 conclamatum,

446 2530 483 2580 ut
498 2530 530 2580 et
545 2540 606 2601 ego
621 2517 662 2580 de
677 2516 828 2580 dilatione
849 2516 1033 2580 nonnullam
1050 2518 1257 2602 suspicionem
1277 2532 1401 2581 contra·

441 2616 557 2680 herem.
582 2616 722 2702 Praecepi
739 2639 815 2698 ergo
831 2634 867 2681 ut
882 2632 1085 2682 contumaces
1100 2618 1307 2704 parochianos
1323 2641 1397 2681 suos

440 2731 573 2794 vestros,
584 2719 665 2782 sicut
678 2719 816 2782 decanus
828 2733 859 2782 et
871 2719 1013 2805 synodus
1025 2720 1189 2795 suadebat,
1203 2720 1395 2783 anathemati

439 2820 636 2905 subjugaret.
670 2822 742 2905 Ego
766 2843 841 2883 vero
865 2820 918 2883 die
942 2823 1087 2906 sequenti
1111 2821 1172 2885 hoc
1194 2820 1241 2884 illi
1265 2820 1395 2893 decano,

439 2920 560 2984 caeteris
570 2918 782 2996 audientibus,
793 2920 874 2983 sicut
888 2920 1067 3006 injunctum
1080 2922 1186 2986 fuerat
1198 2921 1394 2985 denuntiavi.

440 3023 486 3086 Et
508 3021 576 3085 haec
598 3034 644 3085 est
666 3021 720 3084 illa
747 3043 815 3085 mea
838 3021 1004 3097 sententia,
1032 3045 1126 3108 quam
1154 3047 1193 3087 ex
1216 3023 1396 3108 ignorantia

435 3126 520 3210 juris
534 3121 719 3207 processisse
735 3136 840 3187 vestra
855 3122 1004 3188 discretio
1020 3123 1230 3208 deprehendit
1242 3137 1274 3188 et
1289 3146 1396 3208 repre-

439 3223 560 3288 hendit.
597 3224 653 3285 Me
669 3224 694 3285 si
709 3223 843 3308 quidem
866 3246 1009 3289 sermone
1023 3238 1056 3288 et
1071 3225 1202 3288 scientia
1217 3225 1320 3288 fateor
1335 3224 1395 3287 im-

439 3326 588 3411 peritum,
603 3338 635 3388 et
657 3324 714 3409 qui
730 3347 815 3388 nunc
834 3324 955 3389 sufficio
974 3328 1092 3391 intueri
1114 3325 1267 3411 quicquid
1286 3328 1392 3389 volue-

440 3426 509 3492 ritis
520 3426 718 3511 impugnare.
742 3427 823 3488 Nam
837 3426 876 3489 ad
890 3428 950 3490 hoc
962 3430 1034 3512 quis
1045 3427 1196 3492 idoneus?
1216 3426 1277 3489 Sed
1290 3427 1395 3490 nescio

439 3552 479 3592 an
501 3551 539 3591 ex
563 3541 668 3592 vestra
694 3527 866 3612 prudentia
891 3528 978 3592 istud
1006 3530 1204 3614 processerit,
1227 3527 1314 3613 qnod
1335 3527 1393 3604 illi,
1470 3541 1473 3548 '

440 3631 496 3715 qui
512 3652 634 3713 semper
650 3640 767 3693 nostrae
781 3629 911 3693 fuerunt
927 3628 1142 3714 jurisdictioni
1158 3629 1305 3714 subjecti,
1320 3651 1393 3691 con-

438 3730 590 3814 cipientes
599 3728 744 3813 spiritum
756 3730 921 3815 sapientiae
931 3731 1119 3815 grandioris,
1130 3732 1201 3813 [ad]
1217 3730 1396 3794 vocationes

440 3821 538 3906 illius,
549 3830 612 3905 cui,
622 3831 680 3894 etsi
696 3851 759 3893 non
771 3830 940 3918 episcopali
950 3834 1037 3917 jure,
1048 3846 1151 3898 tamen
1162 3833 1395 3918 metropolitico

443 3929 577 4018 subjecti
593 3930 734 4010 suerunt,
746 3932 910 4017 dedignati
923 3947 996 3996 sunt
1012 3934 1114 3996 facere
1129 3934 1250 4019 copiam
1268 3937 1328 4013 sui,
1344 3934 1393 3997 vel

440 4032 480 4096 ad
493 4033 561 4098 haec
578 4047 614 4096 ut
626 4032 686 4095 sori
699 4033 937 4119 praescriptione
950 4045 1123 4097 uterentur.
1148 4033 1219 4095 Scio
1229 4033 1311 4095 euim
1323 4034 1392 4097 hoec

439 4157 478 4197 ex
494 4132 560 4197 alto
575 4132 761 4218 processisse
776 4133 915 4197 consilio.
941 4133 1013 4195 Non
1029 4142 1133 4194 tamen
1149 4131 1216 4193 haec
1231 4130 1335 4214 allego
1350 4132 1391 4194 ad

438 4234 673 4299 excusationem
685 4233 757 4311 mei,
771 4234 796 4297 si
808 4258 858 4298 me
869 4256 936 4299 esse
949 4232 1086 4319 inculpa
1097 4232 1391 4318 pronuntiaveritis,

437 4336 514 4422 quia
525 4335 609 4399 malo
624 4359 642 4399 a
658 4333 748 4399 vobis
762 4337 884 4400 veniam
902 4337 1075 4421 postulare,
1086 4356 1182 4420 quam
1199 4333 1246 4397 uti
1263 4334 1392 4397 rationi-

438 4439 499 4500 bus
509 4438 604 4522 juris,
618 4450 650 4499 et
665 4436 802 4521 allegare
819 4438 1003 4502 mandatum
1020 4436 1161 4513 Domini,
1177 4448 1209 4499 et
1224 4435 1392 4500 necessita-

439 4552 500 4599 tem
522 4537 727 4623 obsequendi.
758 4537 808 4601 Ad
833 4539 956 4623 reliqua
977 4544 1106 4603 seorsim
1130 4537 1391 4623 respondebitur:

439 4637 568 4702 consulo
598 4651 701 4701 tarnen
731 4651 767 4701 ut
796 4640 968 4703 Dominum
996 4662 1100 4703 meum
1128 4654 1200 4702 ante
1225 4638 1391 4703 concilium

439 4738 580 4802 videatis.
