3300 6434
379 1215 572 1297 lton—60.]
599 1195 601 1198 ⁵
753 1235 933 1281 narsrona.
1284 1226 1326 1283 45

375 1402 448 1465 pars
478 1384 604 1471 culpam
635 1385 776 1451 refundit
805 1386 837 1449 in
867 1384 1016 1451 alteram:
1047 1407 1086 1449 ne
1111 1397 1180 1451 tum
1207 1388 1325 1452 veritas

373 1482 541 1561 elucescat,
562 1509 637 1573 pars
659 1487 785 1552 abbatis
808 1486 937 1551 videtur
962 1487 1125 1574 impedire.
1171 1489 1252 1553 Inde
1275 1502 1323 1554 est

372 1585 459 1669 quod
478 1588 678 1654 unanimitati
695 1601 808 1655 vestrae
829 1589 1044 1676 supplicamus
1065 1589 1097 1653 in
1121 1590 1270 1667 Domino,
1286 1603 1322 1656 ut

373 1687 487 1752 uostris
513 1688 675 1754 laboribus
701 1712 784 1755 nuuc
810 1690 939 1754 demum
967 1690 1061 1753 finem
1086 1690 1268 1776 imponatis,
1290 1706 1322 1756 et

370 1800 426 1851 aut
441 1811 549 1873 pacem
574 1790 752 1855 reformetis
771 1791 922 1869 ecclesiae,
940 1792 966 1855 si
992 1805 1097 1855 tamen
1119 1790 1188 1855 lieri
1208 1805 1325 1878 potest,

370 1888 516 1971 partibus
530 1891 816 1970 commanentibus,
831 1906 887 1957 aut
904 1892 936 1956 in
952 1893 1055 1957 securi
1070 1893 1209 1980 justitiae
1224 1896 1324 1960 succi·

369 1988 453 2054 datis
468 1990 603 2056 radicem
620 1993 754 2071 arboris,
764 2017 839 2080 quae
850 1993 1079 2060 dissentionum
1095 2009 1127 2061 et
1138 1997 1322 2083 jurgiorum

369 2088 494 2155 fructus
522 2094 734 2161 amadssimos
762 2095 849 2162 facit.
896 2095 1008 2158 Valeat
1038 2118 1163 2182 semper
1192 2097 1321 2163 dilectio

371 2205 486 2272 vestra,
502 2216 622 2258 memor
643 2194 741 2260 nostri
761 2194 793 2258 in
814 2194 1011 2260 orationibus
1031 2195 1097 2262 suis
1116 2196 1203 2283 apud
1222 2196 1321 2263 Altis-

373 2314 498 2359 simum.

524 2598 762 2666 EPISTOLA
786 2599 1006 2667 XLIV.-·nn
1023 2622 1152 2668 naseu.

616 2754 755 2817 Domino
770 2753 853 2836 Περὶ
866 2754 1055 2838 duplorum.

406 2899 487 2963 Itan
509 2915 556 2965 est
580 2923 750 2987 regnorum
778 2926 853 2967 vera
874 2925 949 2989 pax,
973 2916 1005 2969 et
1028 2927 1151 2991 semper
1172 2904 1315 2990 optanda

361 2998 587 3085 tranquillitas,
602 3025 702 3087 quum
719 3005 751 3068 in
768 3004 832 3069 lide
846 3018 879 3069 et
894 3004 1063 3071 dilectione
1078 3006 1137 3071 sibi
1153 3007 1312 3071 cohaerent

360 3100 502 3164 membra
512 3101 661 3179 ecclesia,
674 3117 706 3168 et
718 3104 936 3170 sacerdotibus
950 3104 1091 3172 debitam
1105 3106 1310 3171 reverentiam

359 3202 528 3289 principes,
539 3217 571 3268 et
582 3205 781 3292 principibus
795 3206 898 3294 plenoe
912 3207 1076 3273 fidelitatis
1090 3207 1241 3274 exhibent
1253 3209 1311 3273 ob·

358 3305 505 3391 sequium
528 3304 717 3371 sacerdotes.
765 3308 799 3373 Si
814 3330 890 3372 vero
910 3309 976 3373 suis
995 3309 1027 3373 in
1049 3332 1082 3373 se
1101 3307 1311 3374 facultatibus

356 3406 561 3484 collidantur,
573 3422 639 3473 tam
655 3409 815 3490 secularis,
827 3432 924 3494 quam
940 3410 1158 3476 ecclesiasticae
1172 3420 1310 3497 potesta-

356 3508 397 3573 tis
421 3509 629 3573 enervabitur
652 3511 755 3595 vigor,
780 3511 858 3595 quia
879 3511 978 3595 juxta
1003 3531 1111 3573 vocem
1139 3510 1307 3587 Altissimi‚

354 3608 385 3671 in
398 3630 430 3672 se
441 3609 579 3674 divisum
591 3632 724 3695 regnum
738 3607 905 3694 quodlibet
917 3608 1090 3673 desolatur.
1121 3614 1189 3675 Nos
1199 3625 1306 3677 autem

307 3773 311 3779 .
354 3732 487 3797 semper,
502 3712 642 3776 maxime
657 3710 855 3796 temporibus
869 3714 993 3788 vestris,
1010 3712 1085 3777 huic
1100 3713 1216 3778 unitati
1230 3736 1306 3778 con-

352 3810 498 3877 ciliandae
509 3826 540 3877 et
553 3812 717 3878 servandae
732 3812 981 3899 invigilavimus,
991 3829 1023 3881 et
1033 3816 1175 3901 corporis
1185 3838 1306 3882 rerum·

352 3937 415 4001 que
433 3912 600 4000 dispendia
619 3914 766 3992 fecimus,
782 3929 819 3982 ut
840 3915 872 3980 in
897 3939 996 3981 unum
1017 3917 1092 3983 lidei
1111 3930 1144 3982 et
1165 3917 1306 3986 caritatis

351 4015 402 4079 bae
415 4030 637 4081 concurrerent
655 4026 847 4102 potestates3
873 4030 917 4098 et,
931 4018 1071 4083 Domino
1084 4018 1214 4106 quidem
1230 4042 1305 4084 auc·

349 4130 428 4196 tore,
452 4117 514 4184 buc
539 4141 637 4205 usque
660 4118 865 4203 profecimus,
887 4118 942 4184 sed
965 4119 1062 4184 modo
1087 4140 1249 4183 versamur
1270 4120 1303 4184 in

347 4216 455 4284 labore
477 4231 509 4284 et
532 4218 673 4304 periculo
693 4220 844 4304 graviori.
890 4219 1033 4284 Scissura
1057 4220 1141 4284 enim
1164 4221 1303 4285 eeclesiae

347 4323 502 4386 Romanae
515 4321 664 4384 novitatis
675 4322 807 4385 suscitat
822 4333 991 4399 amatores,
1002 4335 1034 4384 et
1047 4322 1303 4407 praesumptioni-

344 4420 407 4485 bus
423 4422 553 4486 multam
570 4421 660 4485 dedit
675 4421 850 4485 audaciam.
890 4420 1056 4506 Siquidem
1071 4421 1126 4485 alii
1141 4422 1228 4508 apud
1245 4445 1302 4487 nos

345 4521 577 4601 Alexandrum,
597 4520 651 4585 alii
675 4520 850 4607 disponunt
869 4535 901 4587 et
920 4521 1010 4586 adire
1030 4534 1062 4586 et
1081 4521 1209 4587 visitare
1232 4524 1302 4590 Vic-
1331 4522 1334 4529 ’

346 4637 456 4689 torem.
488 4624 590 4690 Nobis
604 4637 710 4690 autem
723 4624 880 4688 incertum
896 4637 943 4688 est
959 4624 1033 4709 quis
1046 4647 1155 4688 eorum
1172 4647 1298 4691 causam

345 4724 460 4790 babeat
476 4726 629 4813 potiorem
647 4748 703 4790 nec
718 4743 888 4812 possumus
902 4747 967 4805 eos,
980 4727 1037 4812 qui
1053 4724 1092 4790 ad
1109 4724 1297 4793 alterutrum

343 4829 522 4892 inconsulta
545 4828 674 4893 levitate
697 4828 834 4901 evolant,
856 4827 1047 4891 auctoritate
1071 4841 1176 4893 vestra
1201 4832 1298 4916 repri-
