3300 6434
347 1251 540 1331 llos—61]
753 1269 931 1315 aarsroaa.
1252 1259 1294 1316 59

345 1418 379 1484 Si
395 1441 470 1482 vero
482 1439 623 1503 unquam
639 1417 680 1482 ad
695 1419 755 1481 hoc
764 1417 964 1503 aspiraverit,
979 1441 1088 1484 omnes
1099 1441 1181 1505 quos
1198 1421 1294 1507 hujus

343 1517 513 1583 moliminis
529 1519 676 1583 habuerit
687 1518 851 1604 adjutores
866 1518 1058 1585 anathemati
1076 1520 1295 1605 subjugamus.

343 1619 416 1684 Tibi
429 1642 569 1704 quoque,
582 1618 734 1695 Waltere,
746 1641 784 1682 ne
799 1619 860 1683 hoc
874 1618 981 1695 facins,
993 1643 1031 1683 ex
1047 1635 1138 1706 parte
1152 1623 1296 1706 omnipo-

345 1720 1297 1807 tentisDei,subanathemateinterdicimus,etquacurnque

344 1821 1298 1908 diehocattentaveriaomnibusiratribusnostrisepiscopis,

344 1938 376 1990 et
396 1924 543 1989 omnibus
564 1923 766 2010 parochianis
784 1938 816 1988 et
839 1924 977 1989 subditis
997 1925 1109 1989 vestris
1128 1926 1159 1989 in
1176 1926 1295 1989 virtute

343 2027 533 2092 obedientiae
543 2026 756 2112 praecipimus,
765 2049 802 2089 ne
810 2025 975 2090 tibidonec
987 2049 1097 2103 cesses,
1103 2039 1134 2089 et
1141 2025 1296 2109 condigne

344 2127 526 2202 satisfacias,
551 2126 716 2190 ullomodo
737 2124 968 2190 communicare
981 2138 1186 2211 praesumant.
1233 2125 1296 2188 Sed

346 2240 377 2292 et
394 2227 499 2312 siquid
523 2225 720 2290 machinatus
742 2225 842 2288 fueris
857 2225 888 2287 in
904 2223 1050 2288 fraudem
1066 2225 1162 2310 hujus
1177 2237 1295 2293 nostrae

345 2327 592 2405 constitutionis,
616 2340 648 2391 te
662 2328 734 2390 cu'm
751 2327 900 2389 omnibus
919 2326 1127 2411 complicibus
1147 2327 1211 2390 tuis
1226 2327 1294 2411 jam

346 2430 440 2494 dictae
457 2428 621 2492 sententiae
643 2428 768 2491 noveris
783 2426 956 2511 subjacere.
1004 2426 1076 2490 Noli
1092 2447 1170 2510 erg)
1184 2428 1294 2505 irater,

345 2554 461 2606 errare,
490 2528 567 2605 noli,
597 2533 688 2594 Deus
717 2529 800 2593 enim
832 2550 894 2592 non
924 2528 1086 2608 irridetur,
1120 2528 1175 2592 sed
1213 2529 1295 2594 habe

345 2655 454 2718 pacem
470 2655 542 2696 curn
566 2630 719 2696 fratribus
734 2630 817 2696 tuis:
841 2642 873 2694 et
896 2629 984 2716 quod
1000 2629 1031 2693 in
1047 2652 1104 2694 nos
1118 2631 1295 2695 immeritos

344 2732 519 2819 deliquisti,
536 2731 594 2798 tibi
610 2732 776 2817 indulgeat
792 2734 890 2796 Deus.
937 2735 1028 2797 Deus
1044 2732 1129 2818 pacis
1143 2746 1175 2796 et
1190 2732 1293 2797 solatii

344 2834 564 2912 sitvobiscum,
576 2834 780 2898 dilectissime
786 2834 896 2910 frater,
902 2844 933 2896 et
940 2855 1097 2919 nos,quos
1106 2833 1145 2897 ad
1157 2857 1296 2920 praeseus

343 2949 467 3020 separat
483 2936 631 2999 humanae
645 2934 835 2999 conditionis
850 2934 1027 3013 infirmitas,
1042 2934 1073 2997 in
1090 2950 1208 3000 aeterna
1223 2937 1295 3000 bea-

345 3036 482 3102 titudine
497 3060 602 3101 secum
618 3028 776 3123 perpetuo
792 3035 889 3099 saciat
902 3036 1057 3101 exultare.

345 3358 487 3424 EPIST.
510 3360 1068 3425 LVl.-anuraannoman1ausmr
1085 3380 1283 3426 amscoeuu.

642 3518 683 3581 N
681 3518 773 3598 rgello
786 3518 917 3580 Ellensi
931 3519 1007 3597 epia.

388 3637 459 3701 Nos
481 3658 577 3720 super
599 3658 634 3698 re
655 3656 717 3696 non
740 3633 892 3716 ambigua
913 3630 1127 3708 consuluistis,
1149 3645 1181 3697 et
1196 3655 1293 3718 quam

345 3733 521 3821 praesertim
544 3756 564 3796 a
585 3732 781 3818 sapientibus
804 3731 946 3818 expediri
967 3728 1075 3816 potius
1096 3748 1295 3818 oportuerat,

344 3856 441 3920 quarn
464 3832 595 3897 differri.
642 3832 807 3920 Siquidem
825 3855 932 3898 rerum
956 3834 1098 3921 turpium
1115 3835 1204 3901 nulla
1218 3836 1296 3901 deli-

343 3934 466 4000 beratio
480 3945 539 4009 est,
562 3931 773 4021 turpitudinis
788 3935 887 4000 dilata
902 3934 1030 4021 repulsa
1044 3936 1204 4020 quandam
1221 3960 1294 4001 con·

344 4059 452 4101 sensus
473 4036 631 4101 inhonesti
654 4037 828 4124 praetendit
850 4037 1031 4123 imaginem.
1077 4037 1164 4113 Quid
1186 4052 1292 4101 autem

343 4139 471 4226 turpius
499 4154 559 4217 est,
589 4164 686 4226 quam
718 4141 817 4205 totius
846 4138 963 4204 divinae
992 4139 1071 4223 legis
1103 4138 1294 4202 auctoritate

342 4252 524 4326 contempta
538 4241 570 4303 in
587 4254 694 4303 sancta
710 4252 891 4304 sanctorum
907 4239 1249 4326 impudenterirruere,
1261 4252 1293 4303 et

344 4340 525 4427 impellente
540 4338 684 4414 avaritia,
700 4352 810 4404 contra
815 4340 913 4423 juset
924 4340 982 4416 fas,
988 4340 1045 4423 jus
1057 4339 1292 4412 haereditarium

344 4440 377 4504 in
392 4440 488 4504 rebus
502 4437 720 4502 ecclesiasticis
735 4436 799 4500 imo
820 4450 853 4501 et
868 4438 900 4501 in
916 4435 986 4523 ipso
1000 4439 1092 4503 altari
1116 4439 1292 4505 vendicare.

343 4540 434 4619 Quia,
457 4539 516 4604 nisi
539 4539 702 4626 profanus,
724 4537 882 4624 patienter
902 4539 1026 4617 audiar,
1047 4543 1165 4607 nedum
1193 4555 1292 4629 petat,

343 4642 432 4729 quod
462 4655 527 4706 tam
558 4640 724 4705 manifeste
753 4638 832 4704 sacri
862 4662 996 4704 canones
1026 4642 1179 4718 inhibent,
1198 4644 1290 4730 ¹quod

344 4747 512 4829 utriusque
532 4743 712 4808 testamenti
738 4751 802 4806 tam
830 4764 976 4830 expresse
1001 4744 1190 4811 condemnat
1217 4769 1291 4811 auc·

344 4849 463 4915 toritas.
510 4845 679 4911 Revolvite
708 4866 854 4920 canones,
885 4846 1035 4932 quoniam
1065 4849 1097 4911 in
1121 4850 1179 4913 hac
1201 4864 1293 4936 parte
