3300 6434
410 1192 461 1251 ¹64
675 1198 810 1245 scaurus
827 1167 1101 1244 sanusasnranms
1279 1184 1323 1264 [n.
1341 1202 1372 1245 n.

420 1372 622 1440 nequaquam
639 1351 732 1414 times
754 1349 813 1415 tibi
828 1358 884 1413 aut
905 1347 1036 1413 exilium
1052 1348 1231 1425 imminere,
1246 1360 1302 1415 aut
1318 1371 1374 1413 ne·

419 1454 598 1518 cessitatem
625 1450 784 1537 piaculare
813 1449 969 1534 flagitium
995 1451 1226 1515 committendi.
1272 1452 1373 1534 Degis

418 1556 505 1621 enim
529 1554 589 1620 sub
609 1552 764 1640 principe,
779 1553 869 1637 cujus
891 1551 1045 1616 memoria
1064 1552 1097 1614 in
1115 1551 1317 1637 jucunditate
1340 1566 1374 1616 et

419 1655 643 1721 benedictione
665 1666 722 1719 est.
750 1655 817 1718 Nos
832 1664 940 1716 autem
960 1651 1110 1717 timemus
1125 1675 1219 1739 supra
1241 1652 1372 1716 modurn

418 1780 460 1823 ne
484 1757 680 1824 Teutonicus
705 1756 878 1841 imperator
902 1754 1130 1819 circumveniat
1153 1754 1374 1819 fraudulentiis

419 1859 494 1942 suis,
513 1872 547 1924 et
571 1859 733 1924 subvertat
758 1857 961 1921 serenitatem
988 1857 1138 1944 principis
1163 1856 1272 1936 nostri,
1294 1856 1371 1920 mibi

418 1973 484 2026 tam
499 1983 612 2048 parum
626 1960 752 2025 videtur
766 1958 885 2023 habere
899 1959 1107 2036 discretionis,
1122 1980 1219 2046 quem
1235 1979 1373 2022 conven-

417 2061 507 2126 ticuli
524 2060 688 2146 Papiensis
703 2059 910 2145 praesumptio
924 2072 1041 2136 movet.
1057 2059 1117 2123 nisi
1132 2071 1168 2123 ut
1184 2057 1371 2135 Alexandri,

417 2162 528 2249 siquis
546 2162 587 2225 de
602 2183 641 2225 ea
660 2160 796 2236 dubitet.
812 2159 938 2241 electio,
952 2160 1049 2225 etiam
1068 2160 1165 2247 partis
1179 2157 1373 2223 adversantis

417 2262 601 2329 testimonio
626 2262 801 2326 roboretur.
850 2261 898 2325 Ut
926 2262 1012 2325 enirn
1044 2261 1258 2326 temeritatem
1285 2259 1371 2324 illius

416 2374 618 2449 praeteream,
647 2360 702 2446 qui
739 2361 919 2425 Romanam
954 2362 1132 2439 ecclesiam,
1167 2385 1242 2448 quae
1276 2361 1372 2425 solius

418 2461 551 2528 Domini
572 2473 749 2525 reservatur
769 2458 919 2536 examini,
937 2460 1083 2545 judicare
1106 2461 1316 2548 praesumpsit,
1338 2471 1371 2525 et

419 2587 494 2629 eum
520 2563 576 2651 qui
598 2563 702 2627 luerat
723 2563 1027 2645 excommunicatus,
1051 2564 1133 2628 sicut
1159 2565 1367 2628 cardinalium

416 2666 536 2731 indicat
553 2664 753 2730 inhonoratio
774 2664 952 2744 Bisuntina,
967 2664 1072 2729 edicto
1092 2664 1305 2751 peremptorio
1326 2665 1372 2728 ci-

416 2766 496 2832 tavit
516 2766 557 2831 ad
573 2764 744 2851 judicium,
765 2778 799 2829 et
820 2764 1028 2851 praejudiciali
1054 2766 1212 2830 sententia
1233 2765 1370 2830 alterum

303 2897 307 2905 ·
415 2867 532 2934 veteris
553 2866 657 2944 officii,
676 2878 710 2931 et
731 2866 894 2952 dignitatis
914 2867 1054 2949 nomine,
1071 2868 1207 2933 alterum
1229 2866 1370 2953 appella·

415 2970 502 3035 tione
515 2968 653 3035 Romani
663 2969 821 3054 pontilicis
832 2968 990 3047 salutavit,
1001 2969 1198 3035 senatoribus
1208 2981 1242 3034 et
1253 2968 1370 3056 populo

416 3073 530 3138 favoris
544 3072 593 3137 sui
613 3071 756 3136 revelans
770 3093 903 3136 arcana:
930 3072 1087 3160 quidquid
1105 3072 1214 3158 Papioe
1231 3084 1367 3157 gestum,

416 3187 464 3240 est
482 3185 548 3239 tam
570 3172 724 3260 aequitati,
741 3195 837 3259 quam
860 3173 1011 3257 legitimis
1033 3174 1319 3250 constitutionibus,
1335 3186 1370 3236 et

414 3275 629 3342 sanctionibus
645 3286 771 3360 patrum
786 3275 947 3340 invenitur
960 3276 1138 3340 adversum.
1169 3275 1299 3361 Quippe
1313 3275 1371 3339 ab·

415 3390 521 3445 sentes
539 3376 743 3444 condemnati
764 3388 850 3458 sunt,
864 3388 898 3441 et
919 3377 952 3440 in
975 3399 1069 3442 causa
1089 3399 1153 3441 nou
1175 3376 1367 3454 examinata,

414 3481 480 3547 imo
495 3481 674 3568 potiusnon
688 3478 744 3555 ibi,
757 3501 820 3544 non
837 3479 891 3555 sic,
905 3502 968 3543 non
980 3501 1000 3544 a
1013 3478 1131 3543 talibus
1145 3478 1366 3554 examinanda,

414 3583 668 3669 impudenter,et
676 3581 907 3668 imprudenter,
917 3593 950 3646 et
959 3581 1106 3669 nequiter
1114 3592 1162 3646 est
1170 3579 1368 3667 praecipitata

414 3685 581 3749 sententia.

459 3783 524 3850 Sed
550 3784 630 3847 forte
656 3785 859 3851 absentantes
883 3809 979 3874 quam
1005 3788 1152 3853 absentes
1177 3785 1281 3872 potius
1303 3785 1367 3849 dici

414 3882 529 3970 placet.
553 3887 627 3948 Hoc
647 3881 742 3967 plane
765 3884 813 3948 his
835 3887 890 3971 qui
905 3898 1024 3950 sanctae
1047 3887 1203 3951 Romanae
1223 3886 1367 3950 ecclesiae

413 3981 613 4069 privilegium
623 4000 679 4046 aut
687 3982 845 4065 ignorant,
855 3994 911 4047 aut
919 3983 1129 4050 dissimulant.
1144 3985 1366 4049 Universalem

414 4082 581 4148 eeclesiam
597 4081 668 4169 quis
689 4082 887 4168 particularis
902 4083 1046 4151 ecclesiae
1068 4084 1204 4169 subjecit
1219 4085 1366 4170 judicio?

413 4184 485 4271 quis
493 4183 683 4248 Teutonicos
692 4183 856 4248 constituit
860 4183 986 4269 judices
997 4184 1182 4249 nationum?
1196 4186 1276 4262 Quis
1285 4185 1367 4252 banc

413 4286 515 4352 brutis
529 4296 562 4349 et
582 4284 766 4370 impetuosis
780 4284 964 4359 hominibus
982 4286 1203 4351 auctoritatem
1220 4287 1365 4365 contulit,

412 4400 450 4453 ut
461 4410 517 4473 pro
527 4386 657 4452 arbitrio
669 4386 846 4472 principem
858 4398 998 4452 statuant
1008 4410 1103 4474 super
1114 4389 1218 4475 capita
1227 4389 1365 4453 liliorum

413 4487 604 4553 bominum?
633 4492 678 4553 Et
701 4487 832 4575 quidem
858 4488 918 4553 hoc
944 4489 1031 4554 furor
1055 4513 1166 4554 eorum
1191 4491 1363 4577 saepissime

412 4590 590 4665 attentavit,
613 4590 670 4654 sed
690 4602 819 4655 auctore
840 4591 981 4656 Domino
1000 4592 1116 4657 totiens
1138 4606 1311 4677 prostratus
1330 4606 1364 4657 et

412 4691 561 4757 conlusus
575 4713 670 4777 super
689 4692 857 4778 iniquitate
871 4714 929 4755 sua
949 4693 1087 4758 erubuit.
1122 4694 1186 4761 Sed
1204 4695 1270 4759 scio
1283 4695 1363 4780 quid

400 4793 612 4858 -Teutonicus
625 4793 783 4860 moliatur.
819 4793 916 4857 Eram
932 4794 1019 4858 enim
1036 4795 1160 4877 Romae,
1173 4796 1363 4882 praesidente
