3300 6434
347 1242 455 1323 lma]
729 1260 907 1308 seurota.
1229 1250 1293 1310 2⁴9

340 1412 479 1496 juvenili
495 1412 669 1487 alacritate,
686 1411 863 1493 diligentiae
885 1424 948 1476 tun
970 1416 1132 1498 praeripiat
1146 1416 1294 1498 palmam.

348 1512 412 1575 Sed
427 1513 455 1576 si
469 1511 556 1576 istud
580 1513 614 1573 in
634 1523 772 1575 mentem
793 1512 864 1596 ejus
877 1514 1010 1592 venerit,
1026 1516 1115 1578 Deus
1130 1515 1160 1577 ei
1174 1526 1296 1579 tantm

342 1612 463 1677 laetitiae
474 1626 506 1677 et
515 1612 732 1697 jucunditatis
742 1613 907 1678 materiam
919 1615 1045 1692 tribuat,
1056 1625 1093 1679 ut
1107 1616 1138 1679 ei
1152 1616 1297 1679 excutiat

346 1713 524 1778 necessitas
552 1711 710 1777 reddendi
747 1713 835 1798 quod
872 1713 931 1778 tibi
954 1713 1107 1797 juvenilis
1134 1713 1295 1778 temeritas

345 1814 515 1897 praeripere
537 1814 736 1878 moliebatur.
782 1814 818 1879 si
834 1825 940 1879 tamen
956 1814 991 1879 in
1004 1816 1068 1880 hoc
1084 1818 1135 1879 vel
1149 1817 1184 1878 in
1207 1815 1296 1879 aliud

347 1928 468 1995 patrem
494 1914 588 1977 suerit
613 1915 768 1993 imitatus,
793 1915 881 2000 quod
910 1927 944 1978 et
971 1916 1128 1999 pertinere
1153 1916 1297 1981 videatur

345 2012 388 2077 ad
417 2014 557 2097 culpam,
586 2035 645 2079 nos
678 2017 733 2100 qui
762 2017 975 2099 provectiores
998 2038 1108 2082 sumus
1137 2028 1240 2097 atam,
1265 2028 1297 2081 et

345 2113 456 2197 gradu,
471 2126 505 2179 et
525 2116 646 2179 similes
669 2118 779 2192 nostri,
800 2117 1010 2201 corripiamus
1032 2139 1104 2182 eum
1126 2118 1160 2180 in
1181 2118 1296 2202 spiritu

345 2215 505 2278 lenitatis:
540 2215 781 2279 considerantes
803 2237 865 2279 nos
890 2238 931 2279 an
958 2230 990 2281 et
1014 2217 1077 2300 ipsi
1102 2216 1296 2301 quandoque

345 2316 458 2379 tentati
478 2316 640 2379 brerimus.
686 2317 804 2380 Nonne
830 2318 914 2380 enim
940 2339 1039 2401 puero
1064 2316 1297 2399 indulgendum

347 2427 405 2494 est,
427 2416 454 2479 si
477 2416 574 2480 semel
598 2416 769 2480 inclinatur
790 2417 824 2479 in
846 2429 953 2494 nocte,
968 2440 1065 2502 quum
1088 2429 1121 2483 et
1136 2418 1244 2502 justus
1263 2416 1296 2480 in

346 2515 400 2579 die
415 2516 536 2599 septies
555 2516 673 2580 cadat?
697 2517 775 2602 quid
798 2519 826 2580 si
844 2520 1031 2583 incessisset
1050 2521 1118 2599 iter,
1135 2540 1200 2602 qno
1214 2519 1297 2582 alius

346 2637 411 2681 non
437 2616 552 2680 fuisset
579 2619 752 2699 ingressus,
778 2620 805 2681 si
836 2632 938 2683 mater
961 2621 1029 2704 jam
1059 2641 1125 2684 non
1154 2619 1299 2683 meminit

345 2738 499 2801 pressurae
522 2730 652 2801 propter
674 2718 836 2799 gaudium,
860 2720 937 2804 quia
959 2733 1054 2784 natus
1076 2733 1124 2785 est
1144 2720 1241 2783 homo
1262 2720 1296 2783 in

344 2819 518 2884 mundum:
548 2841 605 2883 cur
626 2819 744 2884 amodo
764 2822 882 2884 sentiet
902 2834 991 2905 pater
1007 2823 1171 2905 angustias
1192 2832 1298 2905 partu·

346 2919 476 2984 rientis?
511 2920 599 3000 Ergo
613 2920 771 2983 hactenus
793 2921 955 3003 puniatur,
969 2934 1005 2985 nt
1019 2932 1161 2987 nostrum
1177 2924 1298 2987 ‘bene-

346 3019 453 3082 dicite‘
467 3038 569 3101 usque
592 3016 634 3079 ad
654 3017 847 3098 praefinitum
861 3018 946 3081 diem
965 3020 995 3082 ei
1018 3021 1215 3101 proclamare
1230 3042 1296 3083 non

345 3119 451 3193 liceat,
468 3117 530 3180 nisi
547 3116 639 3180 venia
652 3118 831 3198 impetrata,
846 3118 922 3180 dum
941 3129 1048 3183 tamen
1062 3120 1185 3184 fructus
1199 3119 1298 3184 bene·

347 3218 498 3283 dictionis
528 3218 752 3283 communicet.
807 3221 859 3282 De
890 3232 1017 3298 cratero,
1046 3222 1087 3285 de
1115 3222 1237 3285 honore
1266 3231 1299 3285 et

347 3341 463 3398 amore,
489 3342 585 3405 quem
615 3320 693 3383 mibi
723 3318 898 3396 exhibetiS,
924 3334 957 3385 et
984 3320 1070 3385 fratri
1096 3342 1180 3397 meo,
1206 3320 1298 3384 vobis

347 3423 463 3503 gratias
483 3421 593 3485 refero.
640 3423 724 3484 Nam
750 3421 839 3506 quod
854 3423 883 3485 ei
898 3422 945 3498 fit,
961 3421 1039 3483 mibi
1060 3422 1129 3484 fieri
1154 3421 1298 3499 arbitror,

347 3522 428 3586 adeo
444 3535 477 3586 et
490 3534 527 3586 nt
540 3520 582 3585 de
594 3522 762 3585 velleribus
777 3523 883 3585 ovium
894 3533 1064 3584 vestrarum
1078 3522 1113 3584 in
1127 3522 1199 3605 ipso
1213 3522 1298 3585 cale·

348 3624 432 3686 facta
446 3632 590 3704 reputem
606 3623 707 3684 latera
720 3642 801 3684 mea.

385 3890 605 3956 EPISTOLA
630 3892 1068 4073 cuv111.-mn]1ensoon
1086 3912 1130 3957 ns
1144 3912 1262 3959 osana,

718 3994 762 4075 [s.
776 4012 806 4057 n.
826 3995 918 4057 1166.

663 4128 794 4210 alfredo
809 4127 850 4189 de
866 4126 982 4190 Cerdo.

390 4244 506 4307 Tauro
535 4243 700 4308 dilectioni
733 4251 844 4304 vestrae
871 4239 912 4302 ad
941 4240 1101 4323 pleniores
1130 4240 1299 4320 gratiarum

347 4354 456 4406 teneor
470 4346 626 4419 actiones,
641 4352 762 4425 quanto
784 4339 950 4402 sinceriori
972 4351 1005 4405 et
1018 4340 1199 4403 ferventiori
1219 4340 1299 4404 cari·

349 4453 414 4506 tate
444 4443 507 4504 mei
537 4442 792 4525 compassionem
816 4440 974 4504 habuistis
1002 4440 1102 4518 exilii,
1127 4440 1300 4524 presertim

348 4563 446 4627 quum
474 4563 546 4606 mea
575 4563 640 4604 non
671 4541 896 4624 precesserint
924 4541 1046 4621 merita,
1071 4542 1150 4605 licet
1175 4561 1301 4624 semper

348 4641 475 4707 affuerit
500 4644 647 4706 voluntas
670 4640 882 4726 promerendi.
926 4641 971 4704 Et
994 4642 1070 4726 qnia
1094 4640 1136 4704 ad
1158 4661 1301 4725 praesens

348 4753 381 4807 et
409 4743 529 4807 meritis
556 4743 667 4806 vestris
692 4741 888 4824 respondere
913 4762 979 4805 non
1004 4762 1146 4825 possum,
1171 4741 1297 4806 interim

351 4845 507 4927 meipsum
537 4845 700 4928 obsequiis
730 4842 841 4905 vestris
872 4843 1108 4927 promptissima
1138 4845 1299 4908 voluntate
