3300 6434
350 1258 431 1317 1166
441 1255 467 1331 .]
734 1269 913 1314 urrsrocn.
1238 1258 1300 1315 225

345 1423 602 1506 propitiationem
617 1422 679 1485 Dei
692 1422 831 1485 debeant
842 1421 1005 1484 demereri.
1040 1422 1115 1485 Non
1127 1422 1211 1485 enim
1221 1424 1298 1486 licet

346 1547 365 1590 a
385 1525 605 1610 propitiatorio
629 1525 733 1588 vultus
756 1535 904 1586 avertere.
950 1522 984 1586 Si
1007 1543 1082 1605 ergo
1103 1524 1136 1585 in
1160 1524 1210 1587 his
1232 1525 1298 1588 suis

345 1628 467 1709 angelis
481 1625 598 1709 reperit
614 1626 706 1689 Deus
720 1626 919 1709 pravitatem,
934 1646 1068 1708 eamque
1088 1624 1210 1709 puniat,
1227 1626 1298 1708 quis

347 1727 545 1791 subditorum
576 1749 690 1791 causas
720 1726 808 1810 apud
835 1725 1034 1789 Altissimum
1059 1725 1127 1809 jam
1153 1726 1297 1789 ventilari

346 1826 472 1905 diffidit,
487 1839 541 1890 aut
563 1848 631 1890 esse
647 1826 835 1891 ventilatas?
867 1825 1068 1891 circumferat
1092 1826 1164 1911 quis
1187 1828 1298 1889 oculos

347 1927 465 1989 mentis
490 1941 522 1989 et
547 1927 709 1990 intueatur
739 1936 816 2009 quot
844 1936 876 1988 et
905 1926 1017 2009 quales
1046 1925 1243 1988 adversarios
1269 1925 1299 1988 ei

348 2027 509 2092 Dominus
527 2029 735 2106 suscitaverit,
750 2049 791 2090 ex
816 2047 880 2110 quo
896 2026 1046 2090 adversus
1070 2027 1243 2090 Dominum
1265 2027 1299 2090 in

346 2128 551 2213 depressione
562 2130 718 2193 Ecclesiae
731 2128 833 2193 crexit
844 2130 1027 2192 calcaneum
1041 2150 1146 2200 suum,
1158 2140 1190 2191 et
1203 2130 1299 2212 plane

343 2232 518 2309 mirabitur,
543 2242 575 2295 et
600 2233 628 2294 si
657 2230 796 2316 prudens
825 2243 875 2294 est
904 2231 1112 2302 venerabitur,
1137 2228 1298 2313 judicium

350 2332 493 2410 Domini,
508 2334 563 2418 qui
585 2356 651 2397 non
674 2334 890 2417 imperatores,
912 2354 977 2395 non
1002 2353 1103 2413 reges,
1126 2353 1191 2395 non
1215 2330 1300 2414 prin·

349 2433 438 2517 cipes
453 2436 631 2512 nationum,
645 2446 680 2498 ut
696 2435 802 2518 ipsum
825 2433 980 2508 domaret,
996 2433 1103 2513 elegit,
1119 2432 1175 2495 sed
1198 2442 1302 2495 extre·

348 2556 417 2599 mos
431 2536 596 2599 hominum
612 2536 773 2613 Britoues,
790 2534 1000 2598 Nivicollinos
1016 2534 1130 2617 primo,
1141 2544 1174 2595 et
1190 2542 1303 2617 postea

347 2636 420 2700 illos
428 2636 470 2699 ad
479 2636 764 2701 contradictionem
773 2650 805 2700 et
813 2637 956 2700 solemne
967 2648 1126 2700 certamen
1139 2634 1302 2710 animavit,

349 2738 405 2821 qui
419 2738 550 2821 vestigia
565 2737 682 2822 pedum
699 2737 769 2822 ejus
784 2747 1015 2801 consueverant
1030 2735 1171 2813 adorare,
1186 2748 1217 2799 et
1231 2736 1301 2799 haec

350 2839 490 2923 quidem,
517 2849 553 2902 ut
578 2862 642 2903 non
674 2839 825 2921 glorietur
854 2839 958 2901 omnis
988 2858 1073 2915 caro,
1098 2836 1155 2902 sed
1183 2858 1303 2900 nomen

350 2940 482 3004 Domini
499 2942 540 3004 sit
553 2940 761 3004 benedictum
773 2941 806 3002 in
822 2942 941 3003 secula.
979 2940 1033 3002 Sic
1049 2940 1090 3001 ad
1107 2938 1303 3023 puniendam

349 3040 606 3122 ingratitudinem
629 3041 809 3104 Salomonis
834 3040 1013 3104 recedentis
1027 3061 1047 3102 a
1067 3041 1220 3117 Domino,
1237 3062 1303 3103 non

350 3149 417 3202 tam
440 3141 602 3225 principes
623 3141 735 3219 erexit,
756 3162 851 3226 quam
874 3141 1074 3204 latrunculos
1095 3153 1128 3204 et
1150 3160 1257 3204 servos
1272 3152 1304 3203 et

351 3240 504 3325 abjectos.
549 3243 620 3307 Nec
637 3244 815 3327 suspicetur
837 3243 998 3328 quispiam
1021 3256 1057 3306 ut
1079 3240 1193 3306 amodo
1216 3262 1304 3324 pros·

350 3355 477 3428 peretur
503 3344 647 3409 conditio
673 3344 754 3429 ejus,
778 3345 840 3408 nisi
868 3344 1010 3409 Domino
1037 3345 1227 3428 propitiante
1250 3363 1307 3426 per

351 3446 574 3528 poenitentiam
589 3458 771 3523 revertatur,
786 3457 819 3510 et
838 3447 940 3528 magis
962 3447 1016 3529 pio
1031 3455 1137 3508 utatur
1159 3442 1305 3506 consilio.

353 3544 448 3621 Nam,
472 3558 507 3610 ut
528 3546 688 3631 propheta
708 3548 859 3631 loquitur,
882 3547 919 3608 in
942 3547 1050 3610 diebus
1070 3551 1102 3607 et
1125 3543 1306 3625 ropionibus

351 3649 470 3709 nostris
491 3649 617 3710 inventi
638 3656 718 3711 sunt
741 3646 833 3710 stulti
853 3649 1018 3730 principer
1045 3647 1226 3730 Tcplmeos‚
1250 3646 1306 3730 qui

351 3747 417 3828 regi
439 3769 497 3811 suo
521 3749 690 3813 consilium
714 3747 871 3812 dederunt
892 3749 1057 3833 insipiens.
1102 3750 1211 3813 Urunt
1231 3769 1305 3810 eum

352 3847 494 3932 undique
524 3849 768 3927 sollicitudines,
798 3849 854 3913 sed
884 3852 1003 3914 bellum
1035 3850 1123 3935 quod
1154 3849 1305 3914 adversus

352 3947 513 4013 Christum
535 3961 568 4013 et
582 3954 752 4017 ecclesiam
767 3962 905 4031 exercet,
920 3951 1052 4018 ulterius
1074 3966 1258 4038 praegravat,
1273 3965 1306 4016 et

350 4049 381 4112 ei
412 4050 535 4116 videtur
564 4052 796 4118 inextricabilis
825 4056 1025 4137 labyrinthus
1053 4066 1084 4118 et
1114 4053 1304 4117 execrabilis

352 4154 450 4217 labor.
490 4156 612 4220 Accitis
627 4178 702 4240 ergo
717 4178 819 4240 nuper
834 4155 876 4219 ad
892 4158 1087 4239 colloquium
1102 4155 1305 4217 Chinonense

354 4258 555 4335 magnatibus
569 4258 634 4320 suis
650 4280 723 4321 cum
734 4256 953 4333 familiaribus,
965 4257 1019 4340 qui
1035 4276 1137 4318 rerum
1153 4256 1307 4317 malarum

355 4356 542 4421 industriam
557 4355 675 4422 habere
692 4358 923 4438 dignoscuntur
935 4371 967 4421 et
981 4379 1084 4438 usum,
1099 4368 1132 4420 et
1149 4358 1308 4441 sapientes

354 4468 429 4520 sunt
443 4470 479 4521 ut
496 4458 618 4522 dictent
639 4468 672 4522 et
686 4459 805 4522 faciant
827 4460 922 4537 mala,
937 4459 1108 4523 studiosius
1129 4457 1308 4541 inquisivit,

354 4580 426 4620 cum
452 4560 628 4643 promissis,
650 4559 756 4635 minis,
771 4573 803 4622 et
829 4560 1040 4623 obtestatione
1064 4559 1306 4644 quamplurima,

354 4682 495 4743 quonam
517 4662 651 4725 consilio
667 4661 729 4724 sibi
748 4659 902 4724 utendum
918 4673 1003 4725 esset
1017 4660 1168 4724 adversus
1190 4662 1307 4724 Eccle-

354 4756 445 4838 siam,
461 4761 501 4825 de
517 4762 737 4826 Cantuariensi
763 4761 1006 4845 archiepiscopo
1031 4763 1215 4842 gravissime
1231 4783 1307 4825 con·

355 4886 500 4948 querens,
515 4887 580 4929 non
597 4867 664 4929 sine
680 4865 853 4946 gemitibus
868 4876 900 4927 et
915 4865 1057 4948 suspiriis
1072 4865 1201 4928 multis:
1226 4875 1258 4927 et
1271 4875 1309 4927 ut

399 4986 471 5031 von.
489 4987 510 5030 1.
829 4985 850 5036 Q
