3300 6434
361 1233 550 1313 {toa—ut]
738 1251 918 1295 urrsroca.
1263 1238 1303 1295 73

354 1420 423 1461 cum
447 1399 599 1464 humilem
623 1399 798 1486 qualiquali
820 1399 966 1463 chartula
982 1400 1110 1465 visitare
1127 1400 1301 1484 dedignor:

355 1499 438 1562 unde
453 1516 616 1584 peccatum
633 1501 738 1564 hocin
758 1523 807 1563 me
823 1501 915 1586 jacis,
932 1514 988 1564 aut
1004 1501 1077 1586 quis
1092 1522 1214 1577 eorum,
1230 1523 1302 1565 cum

353 1600 471 1684 quibus
494 1602 571 1681 vixi,
592 1602 818 1692 criminationis
841 1602 938 1686 hujus
961 1615 1072 1665 auctor
1094 1614 1152 1679 est,
1173 1615 1228 1665 aut
1251 1601 1305 1665 de-

352 1702 457 1765 lator?
483 1701 649 1766 'l'hronum
662 1702 739 1765 mihi
754 1703 923 1788 potestatis
934 1714 966 1767 et
982 1724 1074 1765 usum
1088 1706 1301 1789 improperas:

352 1815 384 1866 at
415 1804 708 1889 quantulacumque
739 1802 891 1887 temporis
920 1802 1116 1888 experientia
1151 1801 1303 1879 didicisti,

354 1903 440 1981 (nam
458 1903 498 1966 de
513 1904 579 1966 sola
598 1905 732 1979 dierum,
750 1904 870 1989 quibus
885 1906 1069 1968 commorati
1092 1925 1213 1981 sumus,
1229 1925 1308 1996 con·¹

352 2026 469 2088 queror
500 2005 675 2086 brevitate‚)
699 2004 839 2069 didicisti
869 2006 1000 2090 inquam
1032 2004 1117 2089 quod
1145 2002 1176 2066 in
1206 2003 1302 2066 domo

351 2104 470 2169 domini
485 2107 544 2170 mei
557 2107 674 2192 primos
689 2106 852 2169 recubitus
863 2128 925 2169 non
944 2127 1075 2191 usurpo,
1085 2105 1173 2190 quod
1189 2117 1302 2191 sponte

352 2228 422 2269 mea
447 2223 479 2270 et
506 2207 650 2270 ultronea
673 2207 836 2270 voluntate
862 2207 1010 2293 pluribus
1035 2206 1123 2269 cedo.
1167 2207 1300 2269 «Iustum

353 2306 508 2392 siquidem
525 2321 572 2371 est
589 2322 624 2372 ut
641 2308 671 2370 in
689 2320 778 2373 tanta
792 2308 893 2393 patris
908 2308 1015 2383 domo,
1031 2307 1112 2371 sicut
1135 2305 1255 2370 meritis
1270 2318 1302 2370 et

352 2406 575 2492 dignitatibus,
591 2412 636 2472 ita
651 2431 700 2471 me
717 2409 903 2483 honoribus,
919 2421 950 2473 et
969 2432 1026 2472 usu
1045 2406 1210 2492 potestatis
1231 2405 1303 2490 plu-

353 2508 421 2571 rimi
447 2509 646 2574 antecedant.
692 2508 841 2571 Amicum
874 2512 979 2593 inquis
1009 2506 1170 2571 humilem.
1216 2505 1302 2583 Quid

350 2632 459 2693 quaeso
474 2609 560 2674 aliud
577 2625 623 2673 est
645 2610 713 2672 hoec
736 2609 926 2675 humilitatis
948 2608 1112 2695 professio,
1127 2629 1223 2692 quam
1239 2607 1302 2670 cal-

349 2706 415 2771 lida
441 2709 588 2795 quaedam
615 2709 784 2774 ostentatio
812 2709 979 2794 dignitatis
1008 2722 1040 2772 et
1069 2707 1201 2792 gradus,
1226 2707 1302 2770 sub·

349 2809 496 2874 affectata
517 2809 727 2873 dissimulatio
747 2810 945 2875 celsitudinis
960 2822 992 2872 et
1007 2808 1159 2874 honoris?
1191 2806 1320 2885 Quali-'

349 2908 436 2990 quali
452 2910 599 2973 chartula
613 2908 764 2992 adjecisti.
811 2909 914 2985 Quam
931 2908 1014 2971 enim
1030 2907 1135 2983 aliam,
1146 2904 1206 2969 nisi
1222 2928 1299 2993 qua-

348 3008 550 3093 lemqualem,
580 3009 727 3073 videlicet
759 3006 911 3094 ineptam,
942 3010 1047 3073 mittet
1080 3008 1229 3072 indoctus
1265 3023 1298 3073 et

349 3109 449 3184 rudis,
461 3122 491 3173 et
508 3110 564 3195 qui
580 3110 736 3196 praevisus
751 3110 791 3173 ab
806 3110 915 3194 aliquo
930 3110 1129 3188 lexoviensi,
1145 3122 1297 3194 tanquam

244 3247 247 3251 ι
350 3206 463 3273 Moeris
477 3210 559 3275 alius
572 3211 792 3275 obmutescet?
828 3210 891 3273 llic
908 3211 1019 3294 utique
1041 3222 1168 3295 apertos
1188 3209 1297 3273 oculos

347 3309 498 3387 habuisti,
513 3325 545 3376 et
561 3311 601 3375 de
616 3311 738 3375 viribus
753 3312 831 3376 meis
849 3321 932 3376 recte
949 3312 1090 3397 judicas,
1104 3311 1181 3374 dum
1205 3333 1224 3372 a
1247 3332 1297 3373 me

347 3412 469 3475 nonnisi
490 3413 665 3478 chartulam
689 3414 944 3501 qualemqualem
967 3421 1125 3498 expectas,
1171 3409 1297 3473 Deinde

348 3523 384 3573 ut
399 3512 559 3596 supercilii
574 3535 625 3576 me
639 3512 817 3588 convincas,
830 3525 886 3575 aut
901 3509 1115 3594 negligentiae,
1128 3530 1295 3571 numerum

346 3624 527 3675 nostrorum
542 3613 600 3697 qui
617 3612 768 3675 Tolosam
783 3611 1017 3696 aggrediuntur
1033 3610 1109 3673 mihi
1124 3608 1247 3693 objicis,
1258 3631 1296 3673 ac

346 3710 371 3773 si
392 3734 499 3774 omnes
523 3712 728 3797 Tolosipetas
750 3734 807 3797 per
831 3713 942 3777 urbem
965 3711 1213 3775 Lexoviensium
1238 3725 1294 3776 aut

347 3813 565 3875 Baiocenainm
594 3812 760 3876 transitum
791 3812 932 3876 noverim
960 3812 1134 3876 habituros.
1189 3810 1295 3875 Situm

345 3933 482 3996 namque
493 3912 620 3977 urbium
634 3925 808 3976 vestrarum
823 3913 945 3996 ignoro,
956 3925 988 3977 et
999 3912 1105 3975 nescio
1117 3934 1181 3998 qua
1193 3924 1294 3976 trans·

345 4012 420 4076 ituri
436 4027 536 4089 erant,
552 4036 634 4100 quos
650 4013 681 4076 in
699 4015 777 4078 urbe
799 4016 1004 4079 Pictavorum
1021 4038 1061 4077 ex
1083 4014 1187 4077 edicto
1209 4011 1293 4095 regis

344 4114 487 4199 oportuit
509 4114 684 4179 convenire.
730 4117 780 4179 Te
802 4116 932 4201 quidem
955 4115 1083 4178 minime
1105 4113 1151 4176 ibi
1173 4111 1293 4174 inveni·

345 4215 461 4279 endum
485 4216 618 4293 credidi,
634 4238 691 4280 nec
711 4215 873 4280 audieram
896 4214 984 4301 quod
1003 4227 1039 4277 tu
1055 4212 1175 4276 felicem
1198 4232 1292 4295 expe-

342 4314 494 4378 ditionem
520 4317 582 4378 alio
609 4315 706 4378 modo
735 4338 830 4400 quam
857 4315 1052 4379 orationibus
1081 4310 1289 4398 prosequaris.

345 4413 502 4475 Noveram
519 4427 623 4477 tamen
646 4436 685 4477 ex
708 4413 858 4477 relatione
874 4418 1045 4479 multorum
1069 4413 1146 4498 quia
1161 4411 1290 4474 tessine

343 4513 594 4577 Lexoviensibus
616 4512 689 4576 duci
713 4535 774 4576 non
797 4527 933 4598 poterat,
948 4515 1026 4600 quia
1047 4514 1165 4598 linguae
1179 4534 1287 4575 eorum

344 4612 488 4676 incendia
512 4614 587 4677 belli
609 4613 702 4677 factoe
720 4626 805 4693 sunt,
820 4613 943 4700 ipsique
957 4615 990 4678 in
1014 4614 1161 4677 manibus
1183 4613 1288 4695 ignem

343 4712 480 4777 ferentes
497 4726 528 4777 et
550 4713 692 4797 gladium
718 4715 857 4778 Domino
872 4715 1067 4781 exercituum
1084 4712 1288 4777 famulantur.

345 4812 439 4879 Unde
458 4811 569 4897 liquet,
585 4826 615 4877 et
641 4813 754 4897 quavis
776 4818 848 4879 luce
864 4814 979 4880 clarius
1003 4829 1061 4893 est,
1077 4812 1165 4899 quod
1186 4813 1288 4896 legem
