3300 6434
371 1252 565 1330 riso-ol]
781 1269 958 1316 nrrsrona.

654 1490 875 1552 EPISTOLA
900 1490 1038 1551 van.

406 1623 461 1690 Ex
481 1629 661 1691 testimonio
681 1639 785 1691 vestro
808 1628 999 1712 accepimus,
1019 1630 1095 1714 quia
1118 1629 1214 1695 latrix
1237 1654 1317 1716 prae-

360 1728 509 1807 sentium,
524 1752 543 1791 a
563 1727 687 1807 clerico,
702 1730 754 1791 cui
777 1730 979 1792 matrimonio
992 1732 1108 1816 juncta
1129 1747 1208 1807 erat,
1228 1732 1317 1797 dere-

360 1829 434 1892 licta
449 1829 539 1892 alteri
555 1830 675 1913 nupsit,
692 1842 776 1894 etex
793 1854 832 1893 co
847 1833 986 1915 suscepit
1001 1832 1124 1897 liberos.
1171 1832 1321 1900 Clericus.

361 1953 434 1992 vero
458 1953 588 2015 peregre
611 1945 752 1995 moratus
777 1932 810 1994 in
839 1931 1032 1996 sacerdotem
1060 1950 1227 2019 promotus
1253 1949 1313 2011 est,

360 2054 579 2118 reversusque,
597 2056 707 2111 uxore,
723 2056 820 2118 quani
844 2032 992 2109 duxerat,
1013 2049 1202 2118 contempta,
1218 2039 1316 2122 coepit

360 2132 391 2193 in
412 2132 581 2196 sacerdotii
598 2130 710 2195 ordine
733 2133 921 2196 ministrare.
968 2134 1075 2209 Quum
1098 2155 1173 2195 vero
1193 2148 1256 2197 tarn
1273 2159 1313 2198 ex

275 2266 276 2269 ¹
359 2256 469 2296 eorum
492 2234 697 2312 confessione,
717 2256 812 2319 quam
837 2255 880 2298 ex
903 2234 1043 2318 legitima
1067 2235 1195 2298 testium
1219 2258 1318 2300 asser-

360 2332 446 2395 tione
466 2347 604 2411 constet,
626 2337 727 2419 ipsam
750 2356 823 2396 cum
849 2334 962 2397 clerico
984 2335 1220 2398 matrimonium
1242 2359 1316 2399 con-

360 2433 504 2509 traxisse,
529 2434 660 2519 planum
685 2446 731 2497 est
756 2434 834 2518 quia
860 2434 1000 2498 secundo
1025 2434 1139 2497 marito
1165 2434 1313 2521 deinceps

358 2533 521 2597 adhaerere
536 2556 598 2597 non
616 2544 729 2619 potest.
766 2534 859 2611 Quod
876 2535 957 2597 enim
974 2535 1107 2598 clericus
1122 2558 1154 2598 se
1170 2548 1313 2621 tempore

356 2636 509 2698 contracti
521 2634 713 2698 matrimonii
726 2634 957 2699 subdiaconum
968 2636 1065 2699 fuisse
1075 2638 1199 2713 asserit,
1211 2661 1311 2723 quum

357 2735 417 2802 hoc
445 2737 574 2822 probari
601 2749 749 2820 nequeat,
776 2750 908 2802 eatenus
934 2737 1069 2823 proficit,
1099 2751 1135 2801 ut
1160 2739 1314 2823 indignus

355 2852 522 2902 censeatur
543 2837 654 2900 ordine
676 2860 772 2922 quem
798 2836 999 2922 contempsit,
1024 2862 1080 2902 nec
1108 2841 1312 2924 permittatur

356 2936 387 2998 in
404 2961 442 3000 eo
457 2939 645 3014 ministrare,
661 2948 760 3023 quem'
772 2940 965 3023 conjugatus
980 2939 1088 3003 illicita
1105 2943 1311 3025 usurpatione

354 3039 567 3123 praesumpsit.
629 3038 792 3124 Siquidem
829 3054 953 3104 constat
983 3064 1084 3126 quum
1118 3065 1158 3105 ex
1190 3044 1310 3123 multis,

354 3152 419 3202 tum
444 3162 483 3202 ex
504 3139 642 3202 secundo
664 3139 795 3202 concilio
818 3138 985 3217 Toletano,
1002 3141 1088 3227 quod
1111 3143 1243 3228 eosqui
1266 3145 1308 3208 ad

355 3240 616 3307 subdiaconatum
643 3241 810 3318 accedunt,
833 3256 960 3327 oportet
986 3244 1209 3307 continentiam
1237 3267 1309 3329 pro·

353 3340 445 3406 literi.
493 3345 640 3429 Itemque
665 3367 704 3406 ex
731 3344 864 3407 concilio
888 3344 1066 3408 Arelatensi
1094 3344 1209 3429 liquet,
1233 3345 1308 3430 quia

352 3444 467 3506 assumi
501 3444 639 3529 aliquem
666 3446 910 3528 conjugatorum
937 3445 978 3507 ad
1006 3444 1217 3507 sacerdotium
1245 3466 1307 3506 uon

349 3557 489 3627 oportet,
517 3547 575 3608 nisi
605 3545 703 3607 suerit
734 3546 896 3627 praemissa
926 3544 1106 3605 conversio:
1132 3542 1217 3605 unde
1247 3543 1306 3608 nisi

352 3665 434 3704 uxor
464 3642 688 3705 continentiam
720 3663 817 3725 quam
850 3663 964 3703 vovere
995 3640 1063 3704 vult
1094 3645 1304 3726 praeeligeret,

320 3772 321 3777 ¹
350 3742 563 3825 proculdubio
593 3742 691 3825 priori
723 3741 791 3803 viro
819 3740 1017 3805 restituenda
1049 3755 1142 3817 esset,
1171 3743 1305 3829 ipseque

349 3842 518 3905 sacerdotii
542 3841 816 3905 administratione
836 3841 990 3927 privatus,
1008 3843 1151 3927 corporis
1172 3844 1222 3907 sui
1246 3868 1303 3929 po-

348 3955 493 4006 testatem
515 3943 612 4027 juxta
633 3956 775 4006 sanctum
797 3942 977 4027 apostolum
996 3943 1177 4027 indulgeret
1198 3945 1303 4008 uxori.

351 4044 422 4106 Hoc
444 4043 527 4106 enim
550 4058 580 4106 et
606 4043 718 4106 beatus
744 4043 912 4125 Eugenius
934 4043 966 4105 in
988 4066 1084 4106 causa
1106 4043 1199 4105 simili
1222 4044 1302 4106 diffi-

346 4142 438 4222 nivit,
461 4157 497 4207 ut
519 4144 575 4229 qui
599 4142 707 4207 relicta
731 4164 830 4205 uxore
856 4143 896 4204 ad
923 4141 1178 4225 presbyteratum
1203 4164 1304 4205 acces·

346 4257 440 4320 serat,
457 4244 587 4306 avulsus
602 4244 642 4305 ab
661 4241 752 4306 altari
776 4240 892 4303 rediret
908 4240 948 4302 ad
964 4239 1101 4302 officium
1122 4242 1300 4326 conjugale,

345 4342 451 4427 quoad
491 4365 571 4405 uxor
608 4341 701 4404 vellet
736 4339 961 4403 continentiam
997 4341 1147 4424 profiteri.
1205 4346 1300 4405 Nunc

344 4458 463 4519 autem,
491 4443 569 4527 quia
599 4440 732 4503 clericus
768 4439 800 4499 in
838 4439 1036 4501 ordinatione
1073 4442 1298 4506 continentiam

346 4544 444 4622 vovit,
459 4557 491 4607 et
509 4565 591 4606 uxor
607 4556 716 4605 votum
742 4540 845 4602 mariti
869 4540 911 4602 ob
934 4563 1070 4604 amorem
1087 4543 1252 4622 castitatis
1266 4558 1298 4608 et

344 4667 431 4729 spem
449 4642 644 4728 poenitentioe
659 4642 844 4717 fructuosae,
862 4655 966 4703 ratum
989 4642 1083 4707 habet
1107 4658 1138 4707 et
1155 4659 1298 4728 gratum,

343 4745 487 4807 imminet
505 4743 632 4827 utrique
648 4741 815 4805 necessitas
830 4742 1023 4820 continendi,
1038 4758 1070 4806 et
1086 4745 1296 4810 sacerdoti‘ad

342 4867 482 4927 prensens
497 4845 653 4930 praeclusa
668 4858 715 4907 est
730 4843 859 4906 licentia
874 4844 1083 4932 ministrandi.
1130 4846 1190 4921 Qui
1210 4847 1295 4916 enim
