3300 6434
431 1223 491 1281 tta
696 1232 834 1277 Jornnrs
849 1232 1127 1277 sinasnanrnnsm
1288 1212 1333 1290 [Α.
1352 1232 1382 1273 n.

426 1385 511 1449 enim
527 1386 633 1472 aspiro
645 1382 686 1447 ad
701 1381 756 1445 illa
775 1402 851 1468 quie
865 1381 905 1445 cd
921 1382 1100 1447 societatem
1115 1403 1177 1445 non
1193 1379 1382 1452 admittunt,

426 1499 481 1553 aut
497 1486 662 1565 dirimunt,
672 1497 727 1548 aut
745 1483 1000 1569 repugnantibus
1014 1481 1231 1557 arithmeticis,
1243 1480 1383 1566 physicis

426 1586 683 1662 reclamantibus,
697 1585 795 1647 immo
815 1595 848 1647 et
863 1586 933 1669 ipsa
955 1597 1104 1669 stupente
1124 1595 1249 1656 natura,
1265 1581 1383 1644 inseca-

425 1687 522 1752 bilem
540 1687 691 1752 diridunt
711 1685 877 1749 unitatem.
910 1684 1004 1748 Absit
1026 1697 1062 1748 ut
1077 1707 1138 1769 ego
1157 1706 1283 1747 oausam
1299 1705 1382 1768 prce·

426 1790 518 1854 beam
533 1812 573 1852 ne
595 1788 626 1851 in
641 1785 832 1872 appetendis
853 1796 885 1848 et
900 1784 1063 1868 fugiendis
1085 1784 1127 1849 sit
1147 1784 1230 1848 idem
1254 1782 1334 1846 velle
1348 1796 1381 1846 et

424 1885 511 1951 idem
532 1885 616 1949 nolle
635 1885 667 1948 in
689 1882 793 1960 nobis,
808 1880 932 1945 mallem
957 1884 1072 1967 utique
1090 1904 1220 1968 operam
1242 1881 1329 1958 dare,
1345 1895 1380 1944 ut

425 1987 519 2052 nobis
533 1987 566 2050 in
581 1986 721 2052 Domino
735 1986 777 2049 sit
791 2006 846 2048 cor
862 2006 974 2058 unum,
989 1997 1022 2048 et
1036 1987 1142 2048 anima
1158 2004 1231 2048 una.
1271 1984 1322 2047 Sic
1338 1986 1382 2047 sic

425 2086 616 2173 participant
638 2085 789 2149 inferiora
810 2084 1039 2169 superioribus,
1062 2098 1093 2147 et
1116 2086 1175 2160 sol,
1194 2105 1380 2169 quanquam

424 2186 635 2254 lucidissimus
646 2185 687 2251 sit
696 2199 729 2250 et
741 2184 941 2270 purissimus,
950 2207 1058 2249 amnes
1066 2199 1217 2270 cognatos
1227 2184 1379 2259 nubibus,

426 2299 458 2352 et
473 2287 643 2351 l'aeculenta
661 2299 755 2351 terrae
777 2285 819 2349 ad
835 2285 1047 2370 receptionem
1071 2287 1121 2349 sui
1144 2284 1257 2349 caloris
1278 2298 1310 2349 et
1334 2286 1379 2347 vi-

424 2388 511 2472 goris
525 2409 693 2472 agnoscere
709 2408 771 2449 non
787 2385 990 2469 dedignatur.
1024 2387 1151 2451 Mutuis
1166 2386 1293 2452 auxiliis
1307 2408 1381 2450 con·

426 2500 510 2551 stant
525 2488 643 2563 omnia,
658 2502 691 2552 et
711 2485 823 2571 gravia
846 2485 982 2549 vicissim
1006 2486 1130 2550 levibns
1150 2501 1380 2574 temperantur,

424 2602 456 2653 et
476 2588 619 2674 prolecto
641 2610 679 2651 eo
701 2587 745 2651 sic
766 2588 910 2652 universa
933 2586 1123 2673 procedunt,
1146 2586 1235 2672 quod
1260 2601 1379 2652 tantam

425 2689 647 2753 dissidentium
664 2689 876 2768 concordiam,
891 2702 923 2753 et
934 2689 1135 2753 concordium
1151 2688 1380 2765 dissidentiam,

426 2790 509 2855 idem
522 2789 739 2855 unanimitatis
747 2791 891 2877 spiritus,
902 2791 990 2855 intus
1001 2789 1070 2871 alit,
1080 2804 1113 2854 et
1122 2802 1158 2855 ut
1169 2790 1228 2854 sibi
1243 2791 1376 2855 invicem

423 2888 541 2953 vicario
555 2890 694 2975 quodam
707 2890 882 2957 ministerio
892 2902 1064 2955 consonent
1075 2889 1227 2953 mundani
1238 2891 1379 2976 corporis

423 3004 530 3077 partes
544 2992 631 3055 velut
647 2992 789 3056 membra
803 2991 954 3077 disponit.
985 2992 1038 3055 Sic
1052 2991 1096 3055 sic
1111 2990 1143 3054 in
1158 2992 1298 3055 humano
1312 3013 1380 3055 cor·

422 3115 499 3179 pore
517 3092 577 3158 sibi
599 3092 733 3158 invicem
752 3091 894 3157 membra
915 3091 1111 3170 deserviunt,
1126 3107 1158 3157 et
1181 3092 1379 3178 singulorum

421 3195 526 3258 officia
552 3193 689 3280 publicis
720 3194 833 3260 usibus
857 3193 1073 3277 deputantur:
1104 3193 1221 3257 absunt
1247 3192 1379 3277 quidem

422 3297 491 3360 haec
501 3296 613 3381 magis,
624 3293 680 3359 illa
688 3293 804 3369 minus,
816 3314 876 3378 pro
887 3291 970 3357 mole
985 3292 1136 3377 corporis,
1148 3293 1204 3356 sed
1218 3293 1250 3355 in
1263 3294 1378 3359 effectu

422 3397 534 3464 salutis
555 3398 625 3484 ejus
646 3397 753 3461 omnia
775 3393 943 3462 uniuntur,
959 3395 1064 3457 varios
1085 3393 1203 3458 habent
1227 3395 1377 3459 affectus:

422 3500 477 3564 sed
505 3500 531 3564 si
558 3522 652 3563 usum
678 3498 790 3563 salutis
815 3517 939 3581 penses,
962 3496 996 3558 in
1023 3494 1107 3559 idem
1135 3495 1283 3560 universa
1304 3520 1380 3560 con·

421 3614 564 3666 currunt.
612 3600 683 3666 Non
700 3614 804 3666 tamen
821 3598 928 3665 omnia
950 3611 1169 3686 coaequantur,
1184 3598 1239 3663 sed
1256 3601 1378 3685 superi-

422 3701 533 3762 oribus
545 3702 698 3765 inferiora
713 3703 909 3767 deserviunt.
939 3699 1001 3765 Pes
1015 3701 1099 3765 euim
1113 3701 1172 3788 qui
1187 3715 1331 3765 versatur
1346 3699 1379 3763 in

419 3817 510 3858 coeno
528 3818 731 3881 nequaquam
746 3802 866 3885 aspirat
888 3801 929 3864 ad
945 3802 1058 3888 capitis
1080 3803 1290 3887 dignitatem:
1321 3801 1376 3865 sed

420 3909 452 3959 et
475 3907 573 3979 caput
600 3894 688 3980 quod
717 3896 749 3958 in
776 3898 892 3962 coelum
923 3900 1071 3982 erigitur,
1098 3925 1159 3964 non
1189 3914 1378 3988 aspernatur

420 3994 533 4081 pedem
549 3994 606 4081 qui
623 4007 766 4058 versatur
786 3995 818 4057 in
835 4016 934 4058 coeno.
982 3998 1033 4059 Sic
1053 4011 1085 4061 et
1101 4021 1169 4076 nos,
1185 4003 1210 4063 si
1234 4024 1296 4064 non
1313 4002 1377 4065 dis·

337 4109 340 4113 ·
420 4095 529 4181 plicet,
552 4094 641 4160 vobis
660 4103 838 4173 coutamur,
853 4104 886 4157 et
905 4096 1028 4159 vestris.
1067 4096 1138 4181 Ego
1159 4112 1268 4162 autem
1287 4102 1376 4184 quod

419 4197 453 4260 in
468 4210 620 4283 promptu
642 4195 744 4260 habeo
760 4194 931 4280 proferam,
947 4194 972 4257 si
995 4208 1099 4260 tamen
1124 4219 1226 4283 nugas
1246 4200 1376 4264 serietas

308 4327 314 4340 ⁴·
418 4311 522 4362 vestra
536 4297 690 4382 dignatur
701 4295 881 4360 admittere.
906 4298 971 4360 Vos
987 4296 1098 4383 itaque
1113 4298 1193 4361 seria
1209 4300 1372 4384 rependite

420 4396 525 4481 nugis,
538 4398 689 4482 quoniam
711 4410 743 4460 et
758 4418 819 4481 ego
842 4398 873 4459 in
890 4395 1009 4481 Apulia
1029 4410 1184 4484 expertus
1200 4420 1282 4474 sum,
1298 4400 1375 4483 quia

419 4496 459 4560 ad
476 4511 610 4584 stuppas
624 4519 739 4562 aurum
755 4496 954 4562 distrahitur.

465 4596 562 4661 Edidi
577 4597 694 4662 librum
710 4597 749 4661 de
766 4597 943 4663 Curialium
960 4599 1055 4684 nugis
1070 4612 1101 4663 et
1119 4599 1257 4685 vestigiis
1272 4600 1374 4685 philo-

421 4697 604 4779 sophorum,
619 4698 676 4782 qui
699 4698 778 4762 mihi
794 4721 813 4760 a
836 4712 940 4761 vestro
955 4697 1094 4782 placebit
1114 4712 1171 4763 aut
1193 4699 1372 4784 displicebit

419 4794 565 4859 arbitrio:
590 4796 730 4860 incultus
745 4810 804 4872 est,
822 4811 852 4860 et
869 4817 909 4860 ex
926 4797 1030 4861 edicto
1041 4821 1111 4862 meo
1127 4821 1146 4862 a
1160 4800 1250 4864 vobis
1265 4801 1372 4863 amicis
