3300 6434
351 1222 393 1279 68
611 1235 746 1280 ioannis
761 1234 1040 1281 sanssssnrsusrs
1208 1221 1254 1300 [i.
1270 1241 1302 1284 n.

351 1383 490 1448 mundus
525 1394 683 1468 agnoscet,
718 1384 947 1448 consecrationi
983 1382 1068 1449 illius
1103 1386 1303 1453 defuerunt?

352 1485 440 1560 Quid
460 1488 574 1551 ascitos
594 1486 724 1550 Tuscioe
742 1486 940 1572 episcoposa
961 1490 1196 1554 consecratione
1216 1490 1300 1554 inhi-

350 1588 431 1666 buit,
446 1589 507 1653 nisi
527 1587 682 1672 sacrilegii
700 1587 919 1653 couscientia?
956 1588 1060 1653 Miror
1081 1592 1167 1677 quod
1188 1613 1301 1656 omnes

349 1712 524 1777 pauperem
549 1702 727 1776 sequuntur
749 1690 981 1771 Alexandrum,
1011 1691 1198 1780 maluntque
1224 1716 1298 1758 cum

350 1815 390 1857 eo
418 1794 547 1858 exulare
575 1815 595 1856 a
624 1792 705 1856 facie
741 1791 932 1877 principum,
962 1814 1058 1878 quam
1096 1795 1298 1861 adhaerentes
1332 1802 1335 1809 '

350 1895 467 1961 aemulo
477 1896 546 1980 ejus
561 1915 635 1958 cum
649 1893 847 1979 principibus
861 1894 1006 1976 gentium
1018 1895 1185 1982 imperare.
1232 1897 1297 1962 Hic

348 1996 500 2083 episcopi,
517 1996 568 2060 hic
582 1994 768 2081 presbyteri,
783 1994 834 2058 hic
853 1994 989 2077 diaconi,
1004 1996 1056 2061 hic
1071 1997 1159 2062 curia
1173 2010 1250 2080 tota,
1265 2011 1299 2064 et

348 2100 458 2165 ordine
470 2100 510 2164 de
522 2110 612 2164 tanto
622 2097 765 2184 quisquis
780 2119 843 2160 nou
855 2097 973 2179 exulat,
985 2098 1037 2163 hic
1048 2114 1111 2165 est:
1133 2122 1187 2165 eos
1204 2104 1298 2187 Papi-

348 2203 432 2267 ensis
446 2201 572 2266 concilii
587 2199 745 2264 sententia
760 2222 823 2264 non
839 2210 949 2282 terret,
957 2200 1014 2265 sed
1028 2202 1060 2266 in
1076 2202 1181 2288 ipsum
1196 2203 1297 2289 impe-

347 2315 495 2384 ratorem,
507 2313 540 2367 et
553 2300 674 2366 idolum
688 2322 781 2365 suum
793 2322 867 2364 cum
879 2301 1028 2365 omnibus
1038 2302 1212 2369 cultoribus
1223 2306 1300 2387 suis,

347 2416 510 2491 sperantes
519 2404 551 2467 in
562 2402 753 2479 Domino,iu
763 2402 1035 2488 potentiavirtutis
1043 2405 1296 2491 ejus,conlortati

347 2506 380 2569 in
399 2505 519 2591 Spiritu
534 2516 643 2569 sancto
657 2504 848 2569 sententiam
868 2505 1079 2571 anathematis
1093 2507 1297 2573 intorserunt.

390 2606 535 2670 Transeo
564 2606 605 2670 ed
633 2627 730 2670 novas
755 2616 788 2669 et
811 2605 969 2672 inauditas
993 2608 1159 2674 decretalis
1185 2611 1296 2696 synodi

346 2707 602 2793 subscriptiones,
618 2707 651 2770 in
667 2706 784 2793 quibus
799 2728 839 2771 ex
858 2708 1078 2795 episcoporum
1093 2710 1221 2776 delectu
1236 2735 1295 2797 pro

347 2810 394 2876 eis
416 2810 548 2875 comites
576 2810 800 2886 admittuntur,
825 2810 858 2874 in
883 2811 999 2896 quibus
1023 2812 1071 2877 illi
1098 2814 1293 2900 praecipuam

345 2910 407 2978 sihi
435 2910 607 2977 vendicant
642 2910 864 2975 auctoritatem
894 2911 1121 2998 episcopalium
1158 2916 1294 2992 sedium,

345 3034 481 3100 quarum
503 3025 559 3077 eut
581 3011 670 3077 nulla
691 3026 739 3076 est
758 3023 814 3075 aut
837 3010 952 3077 electio
974 3015 1151 3099 reprobata.
1196 3019 1295 3103 Regi-

345 3112 458 3178 naldus
472 3113 558 3177 enim
578 3110 784 3176 cancellarius
805 3110 1005 3197 imperatoris
1020 3137 1053 3179 se
1069 3115 1293 3181 Coloniensem

344 3214 442 3300 gessit
464 3213 747 3299 archiepiscopum,
771 3235 872 3299 quum
895 3226 1019 3278 certum
1042 3216 1083 3279 sit
1104 3216 1294 3282 electionem

343 3316 412 3402 ejus
427 3338 446 3381 a
461 3322 608 3383 Romano
627 3314 789 3401 pontifice,
811 3314 906 3379 beato
923 3314 1075 3392 Adriano,
1091 3315 1186 3380 fuisse
1206 3317 1295 3382 dam-

342 3429 461 3490 natam.
478 3439 539 3482 uec
553 3416 647 3482 video
669 3439 777 3504 quare,
793 3439 893 3503 quum
917 3416 1134 3503 episcopatum
1158 3419 1292 3498 ambiat,

343 3542 362 3585 a
385 3520 515 3585 Victore
539 3541 596 3583 suo
619 3518 779 3584 distulerit
803 3518 991 3598 consecrari,
1011 3518 1071 3584 nisi
1093 3519 1169 3606 quia
1190 3521 1295 3585 immi-

340 3635 469 3688 nentem
486 3623 609 3687 ruinam
626 3621 728 3687 timet.
774 3622 884 3687 Guido
898 3643 1006 3687 comes
1020 3622 1061 3687 de
1078 3622 1290 3702 Plauderada,

341 3724 537 3789 Ravennatis
559 3723 785 3809 archicpiscopi
805 3723 965 3809 supplevit
979 3724 1093 3802 vicem,
1109 3747 1208 3811 quum
1232 3748 1292 3790 nec

341 3824 425 3889 lilius
447 3847 533 3900 suus,
559 3825 649 3909 cujus
678 3825 792 3889 electio
821 3836 969 3909 quassata
997 3839 1056 3908 est,
1084 3827 1161 3892 licet
1190 3829 1292 3893 bonus

336 3927 465 4013 juvenis
493 3926 543 4001 sit,
573 3926 677 3992 adhuc
708 3926 776 3990 vice
807 3926 1036 4012 archiepiscopi
1065 3928 1156 4010 iungi
1185 3929 1292 4012 possit.

342 4029 404 4095 Cui
425 4051 487 4094 non
510 4028 580 4092 haec
602 4027 735 4093 ridicula
760 4026 954 4091 videantur?
994 4028 1110 4091 Scenoe
1130 4029 1293 4094 theatralis

339 4131 410 4194 haec
429 4130 550 4216 species
565 4140 623 4210 est,
646 4128 867 4215 potiusquam
895 4127 1060 4191 reverendi
1086 4127 1192 4210 imago
1215 4150 1291 4192 con-

339 4231 412 4297 cilii.
444 4230 543 4307 Quid,
560 4230 645 4315 quod
662 4224 831 4314 repnorum
848 4239 882 4292 et
896 4227 1129 4315 provinciarum
1145 4249 1291 4311 magnus,

339 4332 434 4397 falsus
455 4343 574 4409 tamen,
590 4330 740 4394 collectus
760 4343 809 4395 est
829 4352 991 4408 uumerus,
1008 4340 1044 4393 ut
1063 4328 1291 4413 subscriptores

338 4434 388 4497 isti
403 4434 529 4517 ignaros
544 4455 650 4497 rerum
668 4454 776 4497 secum
792 4432 916 4497 facilius
935 4432 968 4495 in
991 4430 1203 4517 praecipitium
1224 4443 1289 4495 tra-

340 4535 437 4599 hant?
461 4535 543 4610 Quis
558 4535 598 4599 ad
614 4534 699 4598 illius
714 4534 839 4599 concilii
855 4546 973 4599 statute
988 4547 1164 4611 moveatur,
1180 4532 1235 4595 ubi

442 4699 547 4709 -—
559 4669 651 4721 sedere
664 4675 752 4740 patres
763 4685 869 4720 censere
882 4669 973 4738 parati,

444 4754 472 4804 si
485 4770 602 4820 regnum,
614 4756 636 4805 si
649 4754 746 4823 templa
758 4759 842 4824 petat,
851 4752 1021 4822 jugulumque
1033 4760 1150 4815 senatus,

446 4838 621 4907 Passurasque
634 4838 739 4891 iulauda
751 4855 839 4891 nurus.
