3300 6434
434 1238 473 1297 12
691 1251 826 1298 noturus
841 1254 1119 1303 saussssaruuns
1291 1241 1337 1321 [Α.
1355 1261 1385 1306 n.

432 1416 566 1489 questus
589 1416 649 1481 est,
672 1403 761 1490 quod
788 1404 830 1469 de
853 1408 1070 1472 transmarinis
1093 1409 1239 1493 partibus
1261 1410 1302 1474 ad
1327 1432 1386 1474 nos

430 1504 551 1590 saepius
581 1506 721 1584 veniens,
751 1528 809 1570 nec
846 1530 903 1593 per
939 1529 1009 1588 nos,
1039 1532 1095 1573 nec
1132 1534 1189 1597 per
1218 1512 1383 1577 dominum

431 1606 575 1671 london.
601 1606 743 1693 aliquam
770 1611 811 1673 sit
832 1608 994 1694 justitiam
1021 1625 1198 1689 assecutus,
1226 1614 1315 1699 quod
1344 1614 1386 1679 ab
1456 1692 1464 1708 ο

429 1706 590 1772 Ailwardo
612 1708 849 1795 archiepiscopo
879 1733 963 1797 saepe
989 1711 1107 1798 injuste
1135 1714 1167 1779 in
1198 1715 1257 1779 hac
1286 1738 1382 1780 causa

429 1822 564 1874 vexatus
578 1808 630 1884 sit,
647 1822 679 1874 et
702 1810 790 1895 quod
813 1833 898 1875 nunc
919 1813 1046 1878 taudem
1066 1814 1196 1900 justitia
1211 1840 1269 1882 sua
1283 1817 1382 1881 inter·

427 1923 526 1975 ventu
556 1909 779 1997 appellationis
807 1912 874 1977 fere
895 1913 927 1977 in
954 1937 1072 1978 annum
1095 1917 1289 1996 differretur,
1310 1922 1379 2006 jam

426 2010 549 2076 dictum
565 2011 834 2092 archidiaconum,
850 2037 947 2101 quem
965 2014 1112 2082 videlicet
1132 2017 1220 2083 laicis
1242 2020 1379 2105 patroci-

426 2126 566 2193 nantem,
587 2136 646 2200 per
667 2137 775 2201 quem,
799 2129 836 2181 ut
859 2116 995 2195 dicebat,
1024 2117 1092 2183 hoec
1117 2120 1200 2185 mala
1223 2119 1283 2184 sibi
1310 2143 1382 2205 pro-

427 2216 605 2292 veniebant,
636 2217 677 2280 ad
708 2217 814 2281 sedem
844 2219 1049 2304 apostolicam
1079 2222 1265 2309 appellavit,
1295 2222 1378 2286 diem

427 2316 595 2401 praefigens
609 2317 642 2380 iu
658 2318 797 2381 Octavas
819 2320 908 2383 Beati
925 2322 1068 2386 Martini.

620 2653 843 2718 EPISTOLA
866 2655 1016 2719 XL-au
1031 2673 1185 2721 eunoun.

691 2793 831 2854 Domino
844 2811 940 2873 popa
956 2792 1111 2855 Adriano.

470 2930 610 2991 Asinus
624 2923 664 2989 de
681 2928 721 2989 N.
738 2924 900 2989 ecclesiam
922 2924 1021 3004 illam,
1035 2946 1101 3010 qua
1121 2948 1154 2989 se
1170 2926 1289 3010 injuste
1304 2950 1376 3012 spo-

426 3029 539 3094 iiatum
568 3050 635 3092 esse
663 3025 801 3102 dicebat,
832 3025 926 3090 officii
962 3027 1062 3091 nostri
1098 3026 1287 3092 auctoritate
1316 3027 1376 3092 sibi

425 3131 550 3197 restitui
579 3127 775 3215 postulabat,
803 3143 960 3214 praesente
990 3131 1033 3194 A.
1063 3129 1205 3213 ejusdem
1237 3130 1376 3194 ecclesiae

424 3254 613 3320 possessore,
629 3229 681 3293 cui
695 3227 779 3292 diem
795 3228 1007 3315 respondendi
1023 3232 1066 3293 A.
1079 3243 1149 3315 post
1166 3229 1283 3295 multas
1298 3231 1376 3295 cita·

424 3336 526 3400 tiones
554 3330 806 3419 peremptorium
836 3330 1083 3417 praefixeramus.
1144 3332 1270 3396 Alanus
1301 3355 1376 3396 vero

422 3436 608 3526 petitionem
640 3437 680 3498 A.
711 3431 899 3518 exceptione
929 3433 972 3496 rei
1000 3431 1156 3519 judicatas
1186 3433 1375 3497 submovere

421 3540 594 3616 nitebatur,
608 3536 718 3601 dicens
731 3557 805 3599 eum
822 3558 842 3597 a
862 3534 1055 3619 possessione
1073 3536 1140 3621 jam
1164 3535 1259 3599 dictae
1278 3535 1375 3599 eccle-

422 3645 477 3707 sias
491 3639 650 3716 cecidisse,
661 3637 787 3723 judicio
798 3637 989 3702 venerabilis
999 3636 1108 3701 fratris
1124 3637 1223 3702 nostri
1241 3636 1372 3701 Ricardi

422 3740 570 3808 london.
593 3736 745 3822 episcopi,
775 3753 845 3802 tum
872 3738 1097 3815 archidiaconi,
1125 3737 1188 3803 lats
1217 3737 1373 3805 sententia

422 3865 481 3929 pro
497 3838 646 3906 Emardo
662 3837 846 3915 decessore3
868 3854 900 3903 et
922 3863 1018 3924 super
1037 3844 1098 3905 hoc
1113 3840 1236 3906 litteras
1250 3840 1371 3905 domini

421 3942 561 4031 episcopi
591 3939 651 4003 hoc
680 3950 868 4004 attestantes
898 3941 930 4002 iu
960 3941 1102 4005 medium
1124 3942 1315 4028 proferebat.
1340 3947 1370 4007 E

420 4059 530 4112 contra
552 4047 588 4107 A.
605 4041 791 4105 sententiam
815 4039 914 4117 iiiam,
930 4041 955 4104 si
976 4040 1041 4106 lats
1061 4042 1134 4117 fuit,
1151 4043 1180 4106 ei
1203 4042 1370 4127 suffragari

419 4172 482 4215 nou
506 4168 596 4233 posse
620 4141 796 4228 respondit,
818 4165 919 4228 quum
947 4165 997 4207 res
1023 4142 1105 4207 iuter
1127 4143 1205 4208 aiios
1226 4157 1299 4208 acta
1320 4144 1369 4209 vel

414 4250 561 4340 judicata
586 4244 656 4311 aliis
679 4243 828 4331 prodesse
854 4266 916 4307 nou
943 4244 1058 4309 debeat
1087 4245 1134 4308 vei
1160 4245 1279 4309 obesse.
1325 4248 1370 4311 Et

418 4353 490 4418 licet
514 4348 627 4414 merito
653 4359 756 4435 posset
782 4346 821 4409 de
848 4346 1013 4410 sententiae
1039 4347 1211 4432 iniquitate
1234 4349 1368 4425 causari,

418 4478 484 4544 qua
517 4453 629 4517 absens
659 4472 715 4513 nec
745 4458 916 4513 contumax
947 4450 1176 4514 condemnatus
1206 4463 1265 4526 est,
1295 4473 1367 4515 cum

417 4552 616 4640 aliquantulo
626 4574 730 4617 causas
746 4574 812 4615 suae
828 4551 1005 4637 dispendio,
1015 4565 1146 4636 propter
1161 4553 1366 4615 reverentiam

417 4654 556 4744 episcopi
572 4654 621 4715 sui
643 4652 763 4716 domini
788 4652 1031 4729 Londonieusis,
1046 4654 1139 4736 cujus
1161 4652 1201 4715 sd
1229 4674 1368 4738 prusens

418 4758 479 4826 sibi
506 4767 663 4840 quantum
694 4754 757 4816 fuit
788 4753 916 4817 nolebat
946 4764 1137 4834 attemptare
1166 4755 1365 4828 sententiam,

417 4859 531 4924 omisso
548 4853 672 4938 judicio
693 4853 885 4936 possessorio
906 4850 1090 4935 petitorium
1116 4852 1267 4927 instituit,
1284 4877 1365 4916 assc-
