3300 6434
428 1230 493 1298 aba
683 1249 821 1296 scaurus
837 1249 1116 1296 aaaassamansrs
1285 1245 1330 1318 [a.
1347 1253 1377 1298 n.

427 1401 578 1467 citaretur
592 1412 712 1479 auctor,
723 1413 756 1465 et
769 1422 836 1465 non
848 1412 1012 1466 careretur
1027 1424 1129 1481 serus,
1142 1403 1199 1466 sed
1214 1405 1375 1468 efficacius

426 1502 556 1566 laederet
569 1522 636 1565 non
651 1512 829 1584 suspectus.
873 1501 908 1566 si
923 1510 1031 1565 tamen
1049 1503 1259 1566 calumniator
1282 1525 1373 1567 meus

426 1603 633 1679 Benedictus,
648 1613 703 1666 aut
723 1603 805 1666 alius
828 1624 879 1666 me
901 1603 979 1666 velit
1000 1624 1142 1685 arguere,
1156 1604 1320 1688 procedat,
1342 1616 1374 1668 et

425 1703 532 1786 palam
552 1712 673 1783 arguat,
688 1712 720 1764 et
741 1701 804 1764 nisi
826 1722 930 1764 meam
953 1701 1125 1767 defendero
1147 1704 1374 1781 innocentiam,

425 1804 547 1887 absque
569 1801 821 1867 contradictione
844 1803 989 1867 concedo
1012 1824 1063 1866 me
1085 1805 1256 1886 proditoris
1276 1827 1374 1889 poena

424 1902 632 1987 puniendum.
670 1901 766 1974 Quod
777 1902 804 1965 si
814 1903 1000 1967 innocentia
1011 1925 1083 1967 mea
1097 1906 1254 1984 claruerit,
1265 1928 1374 1989 quaeso

427 2025 469 2068 ne
490 2004 614 2089 antiqui
632 2002 728 2067 amici
743 2015 776 2068 et
790 2003 913 2068 domini
934 2005 1068 2087 gratiam
1090 2005 1232 2071 debitam
1254 2009 1377 2072 subtra-

425 2110 504 2173 hant
530 2108 713 2171 innocenti:
751 2107 880 2171 sivero
909 2108 1092 2171 criminator
1120 2129 1210 2171 meus
1238 2109 1375 2173 tacendo

425 2210 589 2274 detrahere
613 2207 769 2285 maluerit,
792 2228 887 2292 quam
910 2203 1017 2290 palam
1040 2227 1182 2288 arguere,
1204 2228 1317 2290 precor
1341 2220 1377 2271 ut

423 2310 622 2394 purgatione,
651 2328 724 2391 qnae
754 2306 893 2371 dominis
921 2308 1001 2372 meis
1034 2308 1199 2391 placuerit,
1227 2321 1372 2392 accepta,

423 2411 579 2475 habeatur
603 2410 777 2472 absolutus.
832 2409 903 2472 Nec
932 2408 994 2472 hoc
1024 2408 1171 2485 dixerim,
1196 2420 1232 2472 ut
1256 2411 1297 2473 ab
1328 2411 1375 2474 eis

423 2509 672 2574 emolumentum
694 2508 867 2591 temporale
885 2518 1065 2592 expectem,
1080 2507 1134 2571 cui
1150 2506 1219 2591 jam
1242 2529 1300 2591 per
1321 2511 1375 2572 tri-

423 2610 511 2692 ginta
535 2608 692 2671 mensium
714 2607 870 2671 curricula
895 2609 1038 2671 exulanti
1060 2609 1179 2672 sufficit
1198 2609 1374 2673 liberalitas
1410 2665 1412 2667 ,

425 2708 556 2787 Christi,
578 2708 634 2792 qui
659 2718 692 2771 et
720 2707 795 2771 coeli
824 2708 930 2790 pascit
955 2709 1106 2786 volatilia,
1132 2720 1165 2774 et
1190 2710 1257 2773 lilia
1281 2714 1376 2775 vestit

424 2830 579 2893 agrorum.
625 2807 740 2889 lnquis
763 2828 851 2887 ergo,
865 2808 944 2890 quid
967 2808 1072 2891 petis?
1104 2832 1180 2875 sane
1205 2810 1292 2893 qnod
1307 2812 1372 2876 illis

423 2910 526 2992 magis
554 2930 651 2994 quam
680 2905 757 2971 mihi
786 2907 898 2991 prosit,
923 2907 1086 2991 antiquam
1112 2923 1145 2973 et
1172 2910 1310 2974 debitam
1339 2912 1373 2973 in

424 3012 567 3077 Domino
592 3010 774 3076 caritatem:
805 3030 861 3074 eos
888 3011 972 3074 enim
995 3021 1125 3075 auctore
1149 3014 1279 3078 Christo
1305 3013 1375 3077 dili-

422 3136 494 3198 gam
524 3112 682 3198 quamdiu
706 3113 828 3190 vixero,
854 3112 952 3175 velint
980 3112 1092 3176 nolint.
1146 3115 1243 3187 Quod
1273 3116 1300 3178 si
1329 3114 1375 3178 illi

422 3215 553 3296 diligere
582 3212 743 3276 noluerint
773 3212 960 3294 diligentem
988 3233 1035 3288 se,
1064 3234 1134 3277 cras
1168 3216 1375 3297 respondebit

421 3316 501 3380 mihi
512 3314 635 3399 justitia
649 3334 732 3390 mea,
746 3313 772 3375 si
795 3313 875 3397 quid
889 3312 923 3375 in
939 3325 1047 3377 monte
1063 3315 1222 3378 Dominus
1238 3314 1368 3377 ridebit.

422 3416 487 3482 Sed
525 3414 604 3479 dicit
633 3412 787 3476 Nioolaus
822 3432 924 3491 meus,
956 3423 993 3476 nt
1024 3413 1131 3492 audio,
1163 3414 1251 3498 quod
1279 3414 1371 3477 stilus

421 3539 512 3582 mene
533 3527 597 3582 est:
631 3536 692 3597 ego
713 3515 810 3598 plane
831 3514 924 3578 illum
946 3535 1053 3579 meum
1080 3538 1149 3580 esse
1173 3538 1239 3580 non
1265 3516 1372 3594 credo,

422 3618 645 3701 Dominusque
662 3615 740 3677 mihi
755 3616 847 3679 testis
861 3626 921 3693 est,
935 3615 1023 3700 quod
1037 3618 1140 3698 magis
1162 3618 1269 3696 doleo,
1284 3616 1370 3701 quod

420 3718 564 3782 soliditas
594 3719 663 3801 ejus
691 3728 787 3781 tanta
816 3717 964 3781 falsitatis
996 3718 1127 3782 admisit
1155 3722 1371 3805 suspicionem

420 3818 564 3894 facilem3
602 3838 698 3901 quam
724 3838 767 3880 ex
785 3818 913 3901 jactura
939 3839 1033 3901 quam
1056 3840 1097 3882 ex
1123 3822 1231 3885 multis
1258 3823 1372 3885 diebus

420 3938 590 4003 perpessus
605 3938 684 3980 sum.
730 3919 805 3980 Non
829 3919 912 3982 enim
935 3927 1002 3982 erat
1025 3920 1135 3982 leviter
1150 3923 1374 4004 amplectenda

420 4018 549 4084 occasio
570 4029 606 4081 ut
628 4017 669 4079 ab
691 4010 795 4079 amico
821 4013 1010 4091 discederet,
1033 4017 1207 4098 presertim
1230 4027 1371 4101 tempore

418 4121 490 4183 isto.
534 4116 621 4198 Ego,
642 4116 797 4179 liberante
820 4136 871 4178 me
893 4111 1040 4177 cordium
1061 4110 1254 4197 inspectore,
1277 4117 1371 4178 facile

418 4219 561 4284 evadam.
607 4218 652 4280 Et
669 4217 790 4280 utinam
805 4216 874 4298 ipse
889 4212 929 4278 de
944 4212 1071 4277 levitate
1086 4210 1203 4298 judicii
1219 4215 1370 4279 adversus

418 4320 555 4385 amicum
579 4320 793 4393 innocentem,
807 4337 872 4379 non
888 4316 980 4381 facile
1002 4314 1208 4400 turpitudinis
1231 4317 1370 4380 incurrat

418 4432 538 4485 notam.
