3300 6434
445 1220 508 1278 ‘212
701 1232 842 1277 rosnnrs
858 1232 1137 1280 sanusmsnmusrs
1304 1223 1348 1296 [A.
1366 1236 1395 1278 n.

447 1394 566 1449 certum
588 1386 704 1449 habeat
719 1398 823 1449 vestra
840 1384 1001 1458 discretio,
1017 1387 1167 1469 qnoniam
1185 1387 1290 1465 Philo,
1306 1386 1400 1468 cujus

446 1486 591 1550 meminit
605 1487 708 1563 Hier,
725 1486 897 1550 undecimo
914 1486 1055 1570 capitulo
1070 1488 1141 1549 libri
1165 1488 1204 1550 de
1221 1488 1294 1549 viris
1314 1488 1402 1550 illus-

445 1588 559 1662 tribus,
572 1589 613 1650 ab
626 1588 696 1650 aliis
707 1587 855 1651 dissentit
868 1588 900 1649 in
917 1587 999 1649 libro
1016 1589 1070 1671 qui
1085 1590 1277 1664 inscribitur,
1293 1591 1402 1663 Quare

445 1689 658 1771 quorumdam
671 1690 707 1751 in
718 1689 902 1770 Scripturis
911 1695 1035 1752 mutatu
1047 1692 1114 1773 sint
1125 1692 1269 1752 nomino.
1302 1692 1401 1754 Hunc

447 1805 620 1872 sequuntur
631 1792 833 1876 Theophilus
845 1791 1084 1855 Alexandrinus
1096 1794 1129 1856 in
1143 1794 1313 1856 chronicis
1325 1794 1401 1868 suis,

447 1906 480 1956 et
498 1894 701 1976 Epiphanius
725 1893 923 1957 Constantiae
947 1893 1047 1976 Cypri
1069 1898 1240 1978 episcopus
1266 1897 1298 1958 in
1320 1897 1403 1958 libro

446 1995 487 2058 de
514 1995 587 2056 viris
611 1996 793 2069 illustribus,
816 1993 904 2077 quod
926 2007 958 2058 et
980 1995 1182 2072 Theodorus,
1204 1998 1258 2080 qui
1279 1998 1403 2060 urbano

447 2116 592 2160 sermone
603 2096 701 2159 libros
713 2115 821 2158 eornm
838 2094 878 2158 de
892 2096 1006 2160 Graeco
1018 2100 1178 2162 transtulit
1194 2100 1227 2161 in
1242 2099 1403 2174 Latinum,

446 2210 619 2262 attestatur·
665 2200 755 2261 Dicit
776 2198 862 2260 enim
885 2197 972 2281 quod
994 2210 1027 2263 et
1050 2201 1219 2276 Gamaliel,
1242 2200 1283 2263 ad
1307 2199 1400 2283 cujus

447 2300 547 2383 pedes
558 2301 723 2383 apostolus
734 2322 768 2363 se
780 2295 931 2381 gloriatur
942 2300 1092 2365 didicisse
1103 2305 1217 2385 legem,
1229 2314 1262 2365 et
1271 2302 1402 2385 publica

447 2404 579 2466 assertio
616 2403 841 2478 Hebraeorum,
872 2403 927 2485 qui
958 2402 999 2466 de
1034 2405 1139 2469 littera
1175 2406 1255 2488 legis
1283 2404 1402 2467 rectius

449 2506 589 2589 sapiunt,
607 2526 680 2567 cum
697 2504 842 2567 Philonis
858 2505 1009 2587 opinione
1026 2506 1235 2572 concordant.
1256 2489 1260 2496 ⁸

493 2607 557 2671 Sed
580 2629 620 2669 ne
636 2605 825 2689 protendam
842 2608 982 2685 verbum,
999 2629 1096 2691 quum
1120 2608 1161 2671 ad
1184 2610 1307 2693 reliqua
1329 2629 1402 2691 pro·

449 2706 624 2791 perandum
654 2706 705 2783 sit,
734 2716 767 2767 et
795 2706 926 2768 istorum
957 2720 1152 2790 proponatur
1181 2710 1302 2791 opini0.
1349 2710 1402 2770 Ea

425 2821 555 2899 'autem
578 2817 627 2871 est
648 2806 737 2889 quod
756 2807 889 2889 Moyses
910 2807 1164 2872 Pentateuchum
1187 2810 1325 2893 scripsit,
1340 2809 1402 2872 etsi

415 2891 420 2900 .
448 2908 491 2972 de
506 2909 570 2972 fine
590 2906 843 2983 Deuteronomii,
859 2902 915 2969 ubi
938 2906 977 2969 de
1001 2919 1101 2979 morte
1116 2909 1186 2993 ejus
1209 2910 1322 2990 agitur,
1336 2930 1402 2971 non

447 3012 630 3087 conveniat,
646 3009 718 3074 aliis
743 3009 970 3084 asserentibus,
990 3009 1085 3072 etiam
1110 3011 1191 3073 hanc
1215 3010 1404 3092 particulam

450 3112 628 3197 prophetali
650 3110 852 3187 certitudine,
868 3110 952 3173 sieut
966 3120 999 3174 et
1011 3110 1097 3173 illam
1122 3132 1216 3194 quam
1234 3110 1273 3174 de
1289 3110 1403 3173 mundi

445 3214 611 3278 creatione
637 3211 790 3293 praemisit
814 3211 847 3272 in
873 3210 989 3292 capite,
1011 3223 1044 3274 et
1070 3233 1164 3295 quam
1192 3213 1226 3274 in
1250 3211 1403 3275 benedic-

448 3315 591 3380 tionibus
614 3312 867 3376 Patriaroharum
893 3310 934 3373 de
959 3311 1066 3374 futuro
1083 3314 1273 3377 vaticinatus
1288 3324 1346 3390 est,
1361 3314 1402 3376 ab

451 3416 522 3500 ipso
546 3418 662 3499 Moyse
679 3414 774 3476 luisse
790 3412 1016 3495 conscriptam,
1031 3413 1103 3476 aliis
1119 3426 1224 3477 antem
1251 3436 1270 3477 a
1292 3417 1314 3479 J
1316 3435 1403 3491 osne,

452 3517 524 3580 aliis
553 3515 594 3580 ab
623 3514 728 3578 Esdra
760 3512 942 3577 dicentibus
981 3534 1053 3576 eam
1083 3514 1181 3578 luisse
1210 3514 1401 3597 appositam.

453 3622 552 3684 dosue
567 3620 681 3681 libmm
706 3615 846 3699 scripsit,
861 3615 917 3698 qui
941 3615 1164 3680 denominatur
1187 3619 1227 3680 ab
1251 3638 1301 3680 eo.
1348 3616 1406 3679 So·

452 3721 589 3805 phithim
615 3741 698 3797 vero,
724 3720 744 3782 i.
768 3740 795 3781 e.
820 3717 965 3795 ludices,
991 3718 1068 3782 item
1096 3720 1213 3783 librum
1243 3721 1344 3796 Ruth,
1370 3731 1401 3783 et

453 3834 576 3906 partem
605 3821 678 3883 libri
710 3822 849 3900 Regum,
880 3821 935 3904 qui
965 3821 1211 3886 denominantur
1240 3826 1281 3886 ab
1320 3824 1401 3906 ipso,

453 3924 579 4006 scripsit
603 3922 742 3999 Samuel,
757 3922 879 4005 reliqna
900 3923 1030 4006 excepit
1054 3924 1170 4000 David,
1190 3925 1247 3987 sed
1273 3925 1403 3988 tandem

454 4026 633 4091 aJeremia
655 4024 791 4107 scriptus
813 4036 862 4087 est
883 4024 1070 4100 Malachim,
1085 4024 1120 4086 id
1143 4036 1193 4088 est
1214 4021 1278 4087 duo
1298 4036 1405 4107 poste·

454 4130 550 4192 riores
565 4126 637 4190 libri
655 4126 788 4207 Regum.
834 4125 926 4188 ldem
938 4125 1053 4188 libmm
1067 4145 1158 4187 suum
1174 4146 1248 4188 cum
1265 4123 1402 4187 Lamen-

454 4227 626 4295 tationibus
649 4227 757 4290 edidit.
804 4227 868 4290 His
889 4237 995 4290 antem
1018 4228 1167 4289 omnibus
1187 4228 1315 4307 vulgata
1336 4248 1401 4289 non

455 4329 647 4397 contradicit
666 4329 785 4412 opinio.
831 4327 995 4391 Ezechias
1019 4338 1051 4392 et
1067 4329 1123 4391 riri
1139 4329 1309 4411 sapientes,
1325 4351 1406 4412 quos

455 4435 486 4496 in
500 4433 644 4497 scholam
657 4431 805 4493 virtutum
818 4441 851 4492 et
864 4430 1038 4493 litterarum
1052 4430 1226 4493 sociaverat
1237 4431 1300 4493 sibi
1312 4430 1406 4492 annis

456 4556 511 4612 xv,
526 4534 641 4616 quibus
659 4532 749 4593 Deus
773 4540 999 4613 prorogaverat
1015 4532 1111 4593 vitam
1129 4531 1209 4615 ejus,
1223 4530 1340 4593 divinis
1365 4529 1405 4593 de

456 4648 572 4698 caetero
594 4653 721 4708 vacans,
736 4632 769 4692 in
792 4651 892 4692 unum
910 4631 1059 4693 volumen
1084 4641 1313 4713 compegerunt
1328 4629 1406 4691 rati·

456 4735 540 4798 cinia
554 4734 674 4807 Esaia,
691 4754 762 4816 quae
777 4732 830 4794 ille
846 4732 877 4792 in
894 4732 1016 4814 populo
1033 4730 1227 4794 declamasse
1249 4729 1348 4815 (quod
1364 4751 1406 4792 ex

430 4867 442 4876 r
460 4833 564 4896 serbis
578 4834 646 4917 ejus
662 4836 804 4916 apparet)
822 4832 908 4894 risus
924 4843 972 4894 est
990 4832 1207 4914 potiusquam
1225 4829 1407 4914 scripsisse:
