3300 6434
437 1238 457 1294 2
694 1247 831 1293 maurus
847 1248 1126 1294 sanususnruusrs
1294 1232 1337 1311 [A.
1356 1252 1388 1294 u.

439 1398 614 1475 vinculum,
645 1422 683 1462 ex
722 1421 788 1483 quo
824 1399 985 1463 conveniri
1022 1402 1132 1484 possit,
1167 1399 1388 1466 intercessisse.

441 1499 516 1564 Illos
531 1522 643 1579 vero,a
658 1499 934 1585 quibusmonachi
947 1522 979 1563 se
994 1501 1161 1585 praelatam
1178 1501 1389 1587 quantitatem

439 1602 593 1687 recepisse
613 1602 773 1681 dicebant,
787 1601 947 1666 asserebat
964 1603 1032 1687 jam
1054 1601 1149 1668 dictae
1169 1602 1307 1668 ecclesiae
1327 1626 1389 1667 non

438 1703 537 1767 fuisse
559 1724 716 1787 personas,
741 1703 796 1766 sed
822 1702 996 1767 conductos
1023 1703 1211 1783 sacerdotes,
1237 1719 1269 1770 et
1292 1704 1390 1769 eccle·

439 1806 517 1871 siam
544 1818 576 1870 et
602 1806 722 1891 praedia
747 1805 903 1870 instructa
928 1829 947 1868 a
971 1808 1133 1871 monachis
1159 1809 1325 1896 accepisse,
1352 1822 1387 1872 ut

439 1907 582 1993 praefatae
598 1904 757 1994 pensionis
777 1929 901 1971 summa
924 1907 1004 1971 solvi
1027 1920 1141 1995 posset.
1186 1910 1388 1975 Producebat

438 2009 534 2073 etiam
560 2022 655 2073 testes
681 2008 740 2073 hoc
770 2009 876 2095 ipsum
903 2010 1038 2095 probare
1068 2025 1212 2097 paratos:
1244 2012 1386 2096 ipsorum

438 2131 567 2198 quoque
582 2110 808 2174 monachorum
830 2111 1011 2175 testimonio
1029 2113 1195 2189 utebatur,
1210 2126 1320 2177 contra
1335 2136 1389 2176 eos

438 2212 603 2297 proferens
612 2211 948 2296 scriptum,quonobis
956 2212 1387 2298 persuaserunt,praedictum

439 2315 605 2397 segarium
620 2333 681 2374 non
703 2332 867 2395 personam
888 2310 1050 2394 praedictoe
1069 2314 1218 2391 ecclesiae,
1235 2314 1290 2377 sed
1306 2315 1390 2378 vica·

439 2411 1112 2498 rium,ipsumqueconductitiumextitisse.
1128 2417 1391 2480 Proetereaeccle·

439 2516 517 2579 siam
530 2536 620 2579 suam
631 2525 730 2578 tantae
745 2510 945 2599 paupertatis
954 2535 1021 2578 esse
1033 2513 1169 2588 dicebat,
1184 2527 1231 2587 ut.
1244 2516 1390 2581 deductis

438 2614 670 2702 episcopalibus
679 2614 1126 2680 etministrorumnecessariis
1135 2615 1390 2693 alimentis‚onus

439 2718 534 2781 unius
555 2740 670 2781 marcae
686 2716 739 2780 vix
754 2726 863 2802 posset
885 2717 1052 2783 sustinere.
1099 2718 1166 2782 Sibi
1182 2741 1311 2805 quoque
1326 2742 1388 2783 non

438 2818 554 2884 debere
568 2820 689 2899 obesse,
703 2819 728 2882 si
744 2821 870 2884 nomine
890 2818 1029 2883 ecclesiae
1049 2820 1172 2907 aliquid
1194 2821 1390 2908 quandoque

437 2920 559 2986 invitus
568 2919 708 2997 solverit,
718 2942 819 3006 quum
830 2934 862 2985 et
874 2920 1005 2986 ecclesia
1017 2932 1128 2986 utatur
1134 2924 1209 3009 jure
1219 2922 1347 3010 pupilli,
1357 2938 1387 2988 et

437 3023 467 3087 ei
479 3022 631 3087 beneficio
641 3022 772 3087 minoris
783 3023 889 3087 oetatis
899 3021 1013 3088 debeat
1025 3024 1195 3089 subveniri.
1234 3026 1385 3091 Monachi

438 3146 513 3188 vero
539 3137 667 3211 pactum
698 3123 916 3202 intervenisse,
943 3124 1046 3188 modis
1076 3127 1224 3191 omnibus
1253 3128 1388 3213 probare

437 3225 633 3302 nitebantur,
650 3224 862 3311 producentes
878 3226 962 3289 viros
977 3225 1095 3311 plures,
1111 3229 1168 3313 qui
1185 3230 1387 3292 assertionem

436 3347 547 3390 eorum
562 3346 621 3390 suo
636 3322 785 3388 volebant
805 3323 987 3388 testimonio
1007 3326 1167 3404 roborare,
1183 3341 1215 3392 et
1237 3327 1387 3413 quoniam

435 3426 476 3492 de
491 3438 681 3515 paupertate
700 3421 841 3490 ecclesiae
859 3438 1009 3490 causatus
1030 3423 1146 3505 luerat,
1162 3429 1190 3491 ei
1206 3435 1249 3492 20
1272 3429 1389 3495 solidos

435 3551 556 3595 annuos
565 3529 632 3594 sine
642 3526 728 3592 omni
740 3549 845 3605 onere,
858 3526 935 3591 dum
947 3527 1010 3593 illis
1025 3528 1186 3592 ecclesiam
1203 3528 1244 3594 ad
1262 3543 1390 3617 tempus

434 3630 585 3710 traderet,
599 3628 841 3714 promittebant.
897 3628 1035 3706 Quidam
1059 3652 1134 3694 vero
1149 3630 1291 3696 volentes
1306 3632 1390 3697 inter

437 3752 491 3795 eos
519 3753 716 3816 componere,
748 3739 790 3795 40
819 3730 939 3797 solidos
968 3755 1102 3809 annuos,
1133 3734 1274 3800 deducto
1302 3737 1388 3801 omni

436 3853 542 3907 onera,
557 3829 635 3893 dum
656 3829 719 3893 illis
738 3829 899 3893 ecclesiam
920 3834 1059 3909 cederet,
1075 3835 1263 3913 offerebant,
1283 3839 1388 3923 parati

436 3952 532 4018 super
554 3929 614 3993 hoc
642 3928 773 3992 idoneos
797 3928 1000 4012 fidejussores
1022 3931 1107 3995 dare.
1168 3937 1262 4011 Quod
1286 3960 1386 4023 quum

437 4030 641 4100 Humlredus
670 4028 810 4113 recipere
838 4026 1012 4110 videretur,
1038 4032 1150 4097 habito
1179 4034 1389 4102 incontinenti

434 4133 580 4201 advocati
610 4132 659 4196 sui
689 4131 928 4215 amicorumque
958 4131 1100 4211 consilio,
1132 4134 1254 4216 resiliit,
1280 4136 1389 4205 dicens

435 4260 500 4301 non
526 4259 592 4299 esse
615 4248 723 4299 tutum
748 4257 780 4297 se
804 4233 850 4295 eis
872 4232 981 4319 aliquo
1002 4235 1098 4299 modo
1115 4251 1182 4301 rem
1206 4261 1294 4302 suam
1316 4263 1388 4305 con-

435 4339 544 4413 fidere,
560 4339 703 4424 quicum
720 4335 849 4399 omnino
864 4335 977 4420 ejicere
1002 4337 1230 4403 moliebantur:
1255 4363 1388 4426 praeser-

437 4443 495 4507 tim
522 4464 623 4527 quum
648 4440 689 4503 ab
715 4437 760 4503 eis
790 4450 880 4503 tauto
905 4461 1000 4524 opere
1026 4455 1226 4523 gravaretur,
1253 4457 1289 4510 ut
1320 4468 1388 4532 prae

436 4543 550 4609 timore
572 4540 796 4606 monachorum
821 4540 849 4602 ei
871 4542 979 4604 nullus
998 4543 1171 4606 amicorum
1193 4568 1320 4611 suorum
1337 4550 1388 4613 vel

438 4644 566 4709 testium
589 4641 706 4707 audeat
726 4641 882 4717 assistere,
898 4641 953 4705 sed
976 4655 1008 4705 et
1029 4657 1152 4727 patrem
1169 4668 1263 4712 suum
1279 4664 1389 4714 contra

438 4746 542 4831 ipsum
560 4743 665 4807 venire
681 4740 922 4827 compellerent:
948 4743 1033 4807 unde
1049 4744 1089 4808 ad
1106 4761 1243 4813 vestram
1259 4749 1390 4814 audien-

440 4848 513 4911 tiam
530 4843 713 4933 appellavit,
728 4842 811 4906 diem
830 4843 998 4929 praefigens
1014 4846 1131 4911 festum
1149 4849 1352 4935 Epiphanioe.
