3300 6434
361 1144 470 1223 llud]
749 1159 927 1207 aersrorm.
1253 1147 1315 1207 328

359 1325 448 1398 parte
464 1313 649 1396 diligentius
664 1316 825 1398 explorati
839 1315 1072 1399 praescribunt?
1096 1314 1209 1398 utique
1224 1316 1313 1397 plus·

358 1437 453 1500 quam
470 1419 508 1477 10
520 1416 621 1479 millia
632 1437 807 1480 marcarum
819 1417 849 1479 ei
860 1428 893 1480 et
905 1417 972 1480 suis
983 1417 1090 1480 ablata
1100 1426 1175 1478 suut
1189 1426 1311 1497 postea,

355 1539 417 1582 nec
433 1519 514 1582 citra
527 1519 756 1583 restitutionem
772 1540 881 1582 earum
895 1519 967 1604 jure
983 1518 1090 1600 aliquo
1106 1517 1179 1599 cogi
1193 1527 1310 1600 potest,

356 1629 392 1681 ut
405 1617 608 1702 respondeat,
622 1619 717 1682 etiarn
732 1619 759 1681 si
778 1617 857 1703 quid
874 1629 1070 1702 competeret
1084 1619 1134 1682 his
1157 1617 1213 1702 qui
1235 1639 1309 1681 eum

355 1733 600 1805 persequuntur.
624 1722 766 1804 Campus
776 1721 829 1785 hic
839 1721 991 1785 orationis
1001 1721 1187 1786 discretioni
1196 1729 1308 1784 vestrm

356 1824 454 1886 latius
489 1834 590 1907 patet,
618 1834 653 1886 ut
683 1822 711 1885 si
739 1822 808 1886 fieri
838 1833 955 1907 potest,
984 1823 1134 1907 quoniam
1169 1823 1308 1885 rationes

357 1926 472 1990 melius
494 1927 604 2005 nostis,
627 1926 655 1989 ei
696 1946 752 2008 per
774 1925 999 1990 Colonieusem
1022 1925 1253 2009 persuadeatis,
1273 1934 1309 1987 ut

356 2024 491 2090 desistat
512 2028 554 2091 ab
577 2027 700 2110 injuriis
722 2039 756 2090 et
776 2026 907 2109 rapinis,
925 2038 958 2091 et
978 2024 1163 2091 intentionis
1186 2047 1252 2089 suae
1273 2024 1307 2087 in

355 2150 432 2193 usus
469 2129 720 2194 adversariorum
754 2150 820 2192 non
858 2130 1048 2212 multiplicet
1085 2128 1306 2212 exceptiones,

354 2231 431 2295 Hoc
442 2231 549 2314 ipsum
559 2251 662 2314 nuper
672 2251 841 2312 aggressus
852 2239 901 2296 est
912 2231 1084 2314 episcopus
1096 2229 1306 2294 cicestrensis

354 2333 505 2398 intimans
520 2334 599 2415 regi,
613 2333 702 2418 quod
717 2333 975 2397 cantuariensem
994 2334 1122 2418 juvaret
1135 2334 1305 2416 plusquam

353 2435 469 2519 aliquis
484 2437 666 2500 hominum:
690 2436 843 2519 quaerenti
858 2435 988 2500 modum
1003 2435 1179 2520 respondit,
1193 2433 1305 2506 “Quia

353 2557 483 2601 cansam
512 2539 583 2622 ejus
612 2538 743 2615 crebris,
768 2546 800 2600 et
829 2537 950 2600 eisdem
980 2538 1089 2600 multis
1118 2546 1151 2599 et
1180 2534 1305 2616 magnis

347 2635 531 2719 justificatis
544 2637 681 2720 injuriis,
697 2646 729 2699 et
738 2636 894 2720 justitiam
913 2648 1056 2714 vestram,
1072 2637 1099 2698 si
1115 2656 1179 2718 qua
1193 2635 1305 2710 suerat,

351 2739 551 2803 suffocastis:
581 2738 662 2802 datis
676 2738 706 2800 ei
722 2738 818 2800 etiam
834 2738 1050 2801 consiliumet
1067 2737 1235 2814 auxilium,
1250 2746 1304 2799 aut

351 2840 508 2918 meliores,
523 2851 578 2903 aut
599 2838 639 2901 de
664 2838 849 2901 melioribus
872 2839 1010 2912 clericis,
1031 2860 1112 2921 quos
1135 2837 1304 2902 habebatis

351 2941 386 3002 in
411 2950 494 3003 terra
515 2950 628 3015 vestra,
652 2958 734 3021 quos
760 2938 873 3016 cogitis
895 2939 926 3000 ei
948 2938 1130 3016 coexulare,
1150 2958 1210 3000 nec
1233 2957 1303 3020 per·

351 3041 477 3104 mittitis
501 3051 538 3103 ut
559 3039 780 3102 revertantur.'’
824 3039 935 3100 Motus
957 3047 1006 3100 est
1027 3057 1084 3100 rex
1110 3036 1151 3099 ad
1175 3041 1248 3111 ista,
1271 3046 1304 3100 et

350 3141 598 3206 sollicitudinem
615 3141 757 3223 suspiriis
774 3149 967 3222 protestatus
982 3149 1040 3217 est,
1055 3139 1112 3202 sed
1135 3147 1302 3221 conceptas

350 3244 581 3327 indignationis
597 3243 798 3306 vehementia
812 3262 877 3304 non
894 3241 1036 3324 permisit
1051 3252 1086 3303 ut
1100 3251 1233 3325 saperet.

391 3345 443 3409 Ad
469 3347 551 3421 haec,
576 3345 654 3429 quia
680 3365 788 3424 regem
813 3345 1011 3406 Francorum
1037 3340 1176 3404 amicum
1199 3361 1301 3423 quan·

347 3448 454 3532 doque
470 3447 637 3523 habuistis,
653 3455 685 3508 et
705 3444 838 3508 nescitis
853 3443 932 3526 quid
951 3443 1055 3525 pariat
1069 3452 1201 3506 ventura
1220 3441 1301 3519 dies,

347 3549 548 3615 consulerem
570 3557 605 3610 ut
631 3567 703 3609 eum
728 3545 899 3628 aliquibus,
923 3554 978 3607 aut
999 3543 1180 3626 placaretis,
1202 3543 1230 3606 si
1252 3564 1299 3605 re-

346 3671 441 3715 cessu
451 3661 556 3714 vestro
572 3651 711 3712 offensus
726 3657 785 3724 est,
797 3657 852 3709 aut
866 3645 970 3726 magis
984 3643 1155 3708 alliceretis
1169 3665 1299 3708 munus-

348 3750 485 3830 eulis,si
504 3752 537 3814 in
553 3749 652 3814 veteri
672 3748 814 3812 amicitia
836 3756 1026 3830 perseverat
1077 3744 1169 3808 Nihil
1190 3756 1297 3810 autem

345 3864 398 3915 ast·
407 3849 492 3914 unde
507 3850 613 3932 ipsum
629 3848 722 3923 adeo,
736 3857 769 3912 et
782 3858 880 3911 totam
896 3846 1098 3910 Gallicanam
1113 3845 1296 3923 ecclesiam,

344 3953 410 4019 imo
431 3963 464 4016 et
484 3952 676 4028 Romanam,
693 3950 786 4013 vobis
806 3948 976 4013 conciliare
997 3949 1135 4032 possitis,
1152 3967 1248 4030 quam
1268 3946 1297 4008 si

342 4055 502 4121 audierint
515 4074 583 4132 vos,
594 4051 681 4137 quod
695 4050 923 4135 philosophum
939 4049 1043 4123 decet,
1058 4049 1124 4111 imo
1140 4047 1296 4111 Christia-

342 4178 431 4234 num,
450 4158 484 4219 in
503 4164 639 4239 utroque
656 4154 730 4237 jure
751 4153 900 4235 peritum,
914 4149 1040 4213 veritati
1062 4148 1148 4233 qnod
1170 4147 1296 4212 debetis

343 4257 558 4322 testimonium
584 4254 728 4332 reddere,
749 4266 781 4317 et
806 4251 967 4316 honestati
996 4271 1061 4313 non
1087 4271 1165 4333 opes
1191 4249 1295 4313 Croesi

342 4380 405 4423 nec
432 4359 554 4443 aliquas
577 4357 725 4442 praeferre
749 4355 889 4418 delicias.
946 4352 981 4416 Si
1006 4353 1090 4416 enim
1114 4351 1238 4415 ethicus
1263 4360 1296 4414 et

343 4461 490 4524 ethnicus
504 4459 705 4524 laudabiliter
725 4457 765 4521 ad
787 4458 962 4520 litterarum
984 4452 1292 4518 commendationem

342 4561 437 4639 dixit,
451 4561 528 4646 quia

760 4676 945 4728 —vatis
956 4691 1048 4728 arama

553 4763 631 4816 Haud
644 4769 743 4815 temere
755 4767 796 4813 est
806 4762 917 4824 animus,

793 4856 853 4911 rt.)
