3300 6434
365 1247 367 1251 ¹
466 1261 507 1320 82
724 1274 859 1317 sossius
876 1273 1155 1318 sinussuurunsrs
1325 1258 1370 1330 [s.
1389 1277 1419 1319 u.

467 1424 596 1490 factoris
617 1424 712 1487 vestri
734 1436 766 1487 et
791 1422 921 1485 Domini
943 1422 1075 1507 gloriam
1099 1423 1302 1499 contrahatis,
1326 1444 1421 1509 poena

468 1525 599 1613 dignum
611 1540 668 1602 est,
679 1539 709 1589 et
722 1524 934 1609 proculdubio
944 1547 1040 1610 poena
1049 1523 1248 1589 acerbissima
1257 1526 1422 1610 punietur,

467 1632 565 1694 immo
581 1627 721 1691 Domino
743 1626 883 1712 propitio
901 1649 962 1689 nou
982 1627 1145 1711 punietur,
1161 1627 1238 1711 quia
1259 1628 1330 1713 ipso
1352 1650 1423 1712 pro·

469 1732 604 1818 pitiante
619 1752 680 1793 non
702 1729 766 1792 fiet.
812 1728 969 1793 Convenit
986 1751 1042 1792 vos
1059 1750 1194 1810 sponsus
1211 1728 1349 1792 ecclesiae
1366 1751 1423 1813 per

469 1856 505 1897 os
527 1853 645 1908 meum,
666 1830 813 1894 convenit
837 1842 944 1915 pastor
961 1828 1114 1905 omnium,
1133 1830 1279 1915 princeps
1296 1842 1423 1915 aposto-

470 1935 585 2011 lorum,
599 1937 723 2010 Petrus,
736 1945 884 2015 rogantes
898 1932 1061 2007 attentius,
1075 1948 1109 1996 ut
1121 1934 1145 1995 si
1162 1954 1215 1994 eos
1227 1932 1426 2018 principatus

470 2035 566 2100 vestri
589 2033 704 2097 habere
723 2034 821 2097 vultis
843 2046 1006 2117 patronos,
1025 2050 1058 2097 et
1076 2033 1249 2119 adjutores,
1266 2047 1424 2117 pastorem

468 2139 502 2201 in
517 2135 649 2202 eeclesia
661 2135 832 2199 Exoniensi
848 2134 1023 2198 secundum
1038 2136 1213 2199 Dominum
1226 2134 1329 2198 velitis
1340 2133 1425 2198 ordi·

470 2240 552 2316 nari,
567 2252 598 2302 et
617 2237 747 2300 eandem
770 2236 810 2300 de
830 2251 920 2301 tanto
938 2237 1107 2321 naufragio
1125 2238 1246 2323 eripere
1262 2234 1427 2300 studeatis.

471 2341 579 2405 Prima
587 2338 728 2402 omnium
739 2340 860 2414 est‚cui
871 2339 1078 2424 prospexistis
1088 2338 1119 2403 in
1132 2362 1238 2424 regno,
1263 2337 1429 2418 Attendat‚

472 2442 497 2505 si
513 2441 628 2528 placet,
642 2439 785 2522 dignatio
801 2452 906 2504 vestra
927 2441 1007 2526 quid
1031 2441 1072 2506 sit
1087 2441 1202 2505 exinde
1224 2455 1428 2527 consequuta.

476 2544 586 2607 Nostis
608 2565 688 2628 quos
706 2541 842 2606 exclusit
858 2543 899 2607 ab
922 2542 1062 2621 ecclesia,
1079 2544 1135 2630 qui
1157 2558 1189 2608 et
1209 2543 1428 2608 columbarum

474 2644 655 2709 venditores
668 2644 773 2729 ejecit,
788 2656 819 2708 et
835 2645 918 2709 absit
935 2658 970 2709 ut
986 2647 1156 2731 quisquam
1171 2646 1318 2722 introeat,
1335 2668 1428 2731 quem

477 2745 625 2810 Christus
640 2745 780 2810 exclusit.
814 2750 1004 2832 Sponsorem
1016 2770 1066 2810 me
1081 2770 1140 2833 pro
1152 2749 1248 2813 Petro
1259 2747 1429 2823 constituo,

478 2847 670 2933 quiahonor
688 2848 828 2931 quernei
848 2848 1052 2923 exhibebitis,
1069 2850 1160 2913 vobis
1181 2850 1274 2914 etiam
1295 2852 1326 2912 in
1351 2871 1432 2933 prae·

478 2949 559 3014 senti
570 2947 754 3035 centuplata
769 2950 913 3013 mercede
927 2950 1092 3035 rependet.
1122 2951 1172 3016 Ad
1188 2951 1256 3016 haec
1272 2952 1297 3015 si
1312 2973 1431 3015 moram

478 3048 615 3112 feceritis
634 3047 823 3133 longiorem,
840 3049 888 3113 vel
904 3050 1162 3115 archidiaconum
1183 3075 1300 3131 meum,
1316 3052 1340 3115 si
1359 3074 1432 3115 cum

479 3147 685 3214 indemnitate
700 3163 807 3214 vestra
821 3151 890 3213 fieri
906 3163 1023 3236 potest,
1040 3153 1118 3218 mihi
1133 3155 1253 3218 remitti
1270 3161 1402 3237 quaeso.'

567 3408 789 3471 EPISTOLA
812 3408 1001 3469 LXV.-xn
1017 3426 1190 3471 uerscoros
1204 3427 1347 3471 sunum.

488 3592 894 3676 Venerabilibusfrotribus
908 3594 1069 3674 episeopis,
1084 3598 1115 3654 ct
1135 3592 1296 3655 universis
1315 3594 1438 3657 Christi

571 3693 735 3775 fidelihus,
749 3715 808 3776 per
823 3695 976 3775 Angliam
991 3696 1173 3757 mostitutis
1186 3695 1334 3757 salutem.

528 3851 706 3929 Exesrnr,
722 3866 759 3915 ut
778 3850 925 3927 audistis,
941 3851 1040 3915 hostis
1055 3853 1206 3937 antiquus
1221 3853 1436 3938 integritatem

486 3949 636 4026 ecclesiae,
660 3966 692 4016 et
715 3952 863 4017 omnibus
886 3952 1021 4015 fallaciae
1042 3965 1074 4015 et
1097 3954 1250 4038 nequitiae
1272 3978 1339 4018 suae
1359 3955 1439 4018 inni-

487 4066 557 4119 tens
573 4052 706 4129 viribus,
716 4053 916 4119 insolubilem
931 4053 1051 4117 findere
1067 4053 1195 4116 molitus
1210 4068 1257 4118 est
1274 4056 1439 4120 unitatem.

488 4159 651 4222 Caeterum
666 4157 744 4221 foris
758 4170 805 4220 est
825 4157 1009 4220 indeficiens
1029 4154 1141 4241 pietas,
1157 4158 1239 4220 sicut
1263 4157 1303 4218 ad
1326 4157 1442 4241 proba-

488 4258 604 4321 tionem
635 4255 773 4320 fidelium
809 4256 962 4341 procellas
991 4254 1146 4341 praevidet
1183 4255 1366 4333 eminentes,
1397 4257 1442 4321 ita

489 4359 613 4424 easdem
630 4373 824 4442 emergentes
840 4371 871 4422 et
882 4357 1107 4423 invalescentes
1120 4360 1149 4420 in
1166 4381 1257 4421 usum
1270 4357 1441 4423 electorum

474 4461 608 4526 'salubri
624 4459 858 4544 dispensatione
873 4474 1102 4545 contemperat:
1128 4475 1162 4523 ut
1180 4461 1234 4545 qui
1250 4460 1444 4524 erudiuntur

493 4563 525 4623 in
539 4582 644 4646 praua,
661 4559 788 4643 probati
813 4582 870 4645 per
893 4563 1113 4645 poenitentiam
1134 4575 1334 4625 coronentur.
1381 4562 1444 4637 Qui

494 4684 570 4746 ergo
594 4684 613 4723 a
634 4660 755 4724 malitia
774 4660 1022 4725 inhabitantium
1046 4685 1137 4725 suam
1158 4662 1279 4726 turbari
1304 4661 1445 4746 permisit

495 4762 668 4838 ecclesiam,
682 4784 750 4824 eam
772 4763 911 4844 praecisis
927 4762 1075 4826 membris
1093 4763 1245 4847 putridis,
1259 4764 1326 4846 jam
1344 4763 1447 4824 immi-

498 4877 590 4926 nente
606 4885 660 4945 spe
675 4863 761 4947 pacis
779 4864 889 4947 incipit
906 4886 1059 4938 serenare,
1075 4878 1105 4925 et
1125 4866 1156 4927 in
1173 4867 1277 4949 capite
1295 4863 1447 4935 ecclesiae,
