3300 6434
347 1202 407 1261 132
608 1218 745 1263 sotuurs
761 1216 1041 1263 stnnsnnmeusrs
1202 1202 1246 1281 [A.
1264 1222 1294 1265 n.

345 1367 472 1433 bentes:
499 1371 670 1433 ,ilooemur
684 1378 714 1434 et
730 1372 879 1451 temporis
896 1370 1112 1434 diuturnitate
1127 1392 1188 1452 quo
1203 1374 1295 1452 igno-

341 1467 452 1530 rantia
467 1471 560 1549 juria
585 1471 622 1533 in
645 1472 849 1535 matrimonio
874 1474 1031 1535 avunculi
1055 1474 1106 1534 tui
1118 1475 1237 1554 suisti,
1263 1480 1295 1534 et

341 1572 426 1651 quod
444 1572 484 1633 ab
503 1577 578 1636 auia
598 1581 657 1637 tun
678 1576 833 1637 collocato
847 1595 890 1646 cs,
911 1582 942 1636 et
961 1594 1093 1637 numeru
1112 1575 1293 1638 liberorum.

340 1672 528 1755 Idcircoque
548 1696 645 1756 quum
668 1678 735 1738 trec
756 1678 863 1738 omnio
894 1679 931 1737 in
957 1696 1059 1737 unum
1085 1686 1294 1750 concur-rant,

342 1774 567 1855 confirmamur
585 1784 707 1839 statum
728 1777 898 1839 liberorum
919 1783 1096 1840 uestrorum
1118 1780 1154 1840 in
1174 1800 1209 1841 co
1230 1800 1296 1839 mo

341 1882 495 1942 trinconio
509 1885 721 1960 codritorum,
736 1880 821 1961 quod
834 1888 913 1940 unte
927 1898 1031 1940 anuos
1045 1881 1082 1941 cl
1095 1887 1295 1945 contractum

341 1987 398 2055 eat,
419 1984 556 2062 perinde
577 2003 616 2044 nc
636 1984 665 2044 si
684 1982 823 2063 legitime
844 1983 985 2061 concepti
1005 1989 1117 2044 essent.
1166 1981 1198 2043 Si
1219 2002 1295 2065 ergo

343 2094 432 2146 tanta
446 2094 493 2146 est
514 2082 681 2147 clementia
700 2080 899 2145 sacularium
920 2080 1113 2166 principum,
1130 2095 1164 2147 ut
1186 2082 1295 2146 favore

341 2183 525 2263 liberorum,
545 2185 639 2249 etiarn
663 2183 796 2248 incestui
820 2195 963 2266 parcant,
987 2206 1133 2269 quaenam
1156 2185 1217 2249 erit
1239 2206 1295 2248 au·

340 2283 431 2348 dacia
447 2284 700 2351 Christianorum
717 2283 913 2369 pontificum,
928 2298 965 2348 ut
980 2307 1043 2356 eos,
1060 2308 1142 2371 qnos
1156 2285 1295 2349 ecclesiae

343 2385 431 2450 sinus
458 2387 598 2473 legitime
623 2399 791 2472 conceptos
818 2385 931 2462 edidit,
958 2386 1102 2451 inaudita
1128 2387 1295 2452 severitate

340 2490 572 2554 condemnent?
611 2492 719 2564 Quum
750 2490 860 2574 itaque
887 2488 955 2553 haec
981 2488 1054 2552 hinc
1080 2489 1154 2553 inde
1180 2511 1297 2576 propo-

341 2604 504 2667 nerentur,
530 2603 563 2654 et
592 2589 633 2654 ad
663 2590 866 2675 probationes
892 2589 1032 2676 partium
1062 2590 1294 2677 producendas,

341 2691 468 2758 tandem
495 2692 618 2755 sercin
649 2692 710 2755 line
737 2691 866 2772 biennii,
893 2691 960 2756 dies
989 2693 1221 2778 peremptorius
1249 2694 1295 2755 eis

340 2797 494 2880 praefixus
523 2809 615 2870 esset,
646 2808 717 2883 post
757 2794 938 2872 dilationes,
968 2817 1050 2880 quas
1077 2808 1184 2881 partes
1212 2816 1294 2857 erne-

342 2913 481 2974 ruerant,
505 2920 558 2961 rea
584 2913 688 2962 tamen
719 2897 931 2983 frequentius,
954 2908 1066 2981 utpote
1095 2919 1169 2981 quae
1198 2896 1296 2960 inter·

343 2999 488 3062 veniente
503 2998 672 3084 puerperio
687 2996 787 3061 aiiave
802 2996 998 3073 infirmitate,
1013 3007 1069 3061 aut
1084 3019 1124 3061 ex
1140 2997 1242 3081 justa,
1259 3009 1295 3060 ut

342 3100 644 3180 ducebatur,mariti
661 3098 804 3163 absentia
818 3122 851 3162 se
863 3097 1049 3176 excusabat,
1065 3112 1096 3163 et
1111 3098 1181 3185 ipsa
1194 3099 1297 3162 missis

341 3203 590 3279 excusatoribus,
614 3225 703 3266 suam
727 3202 768 3265 ab
792 3201 976 3267 infirmitate
1001 3201 1174 3266 absentiam
1201 3224 1295 3266 excu-

341 3318 434 3383 saret,
461 3302 620 3371 Ricardus
649 3303 690 3366 ad
720 3316 858 3367 vestram
888 3302 1083 3367 audientiam
1109 3302 1293 3388 appellavit,

342 3406 509 3494 praefigens
531 3406 729 3470 Dominicam
751 3428 818 3493 qua
837 3405 1031 3486 cantabitur,
1053 3406 1180 3469 Letore
1198 3406 1296 3469 Jeru-

340 3513 449 3586 salem,
464 3513 495 3574 in
516 3533 554 3573 eo
576 3531 608 3573 se
627 3520 795 3595 gravatum
815 3528 957 3572 asserens
980 3505 1066 3592 quod
1088 3505 1294 3570 dilationibus

338 3611 405 3696 jam
422 3612 487 3675 fere
504 3610 630 3675 biennio
646 3624 779 3674 vexatus
802 3623 883 3685 erat,
899 3622 931 3673 et
948 3608 1206 3693 tergiversatione
1226 3631 1295 3672 mu·

341 3711 426 3777 lieris
440 3711 570 3777 delusus
585 3735 624 3776 ne
634 3712 794 3797 justitiam
810 3711 960 3795 consequi
978 3723 1092 3796 posset.

390 3943 606 4008 EPISTOLA
633 3944 791 4008 XC.-an
813 3946 1105 4005 nantuatonmuu
1128 3960 1247 4003 Ancur-

609 4063 783 4109 nmcouuu
798 4060 1029 4106 nxoumxsnu.

343 4182 504 4264 Mopistro
515 4182 555 4245 B.
573 4182 797 4244 archidiacono
810 4177 1003 4254 annienri,
1014 4176 1164 4241 Salutem
1179 4183 1210 4238 ct
1217 4196 1295 4259 pro-

396 4287 476 4348 tiom
492 4286 649 4367 Spiritus,
666 4286 722 4365 qui
738 4282 782 4343 od
795 4281 911 4343 bonum
928 4281 1080 4342 universo
1094 4279 1244 4360 disponit.

387 4421 549 4482 Doulnus
569 4429 673 4480 tecum
697 4414 748 4491 sit,
771 4411 977 4477 dilectissime
999 4414 1189 4491 amicorum,
1210 4426 1242 4476 et
1266 4426 1297 4475 te

342 4519 374 4582 in
391 4518 551 4583 soliditate
567 4517 723 4581 virtutum
746 4513 899 4591 stabiliat,
917 4528 952 4578 ut
975 4536 1177 4600 nequaqnam
1202 4536 1297 4579 arun-

343 4618 436 4684 dinea
451 4618 634 4683 infirmitate
650 4618 815 4700 frangaris,
832 4636 890 4677 nec
911 4636 1035 4677 omnem
1059 4613 1201 4698 ejusdem
1219 4613 1295 4677 levi·

344 4731 410 4783 tate
424 4718 552 4802 agiteris
569 4718 609 4782 ad
632 4739 752 4782 aurem.
800 4713 917 4791 Fortis,
932 4727 964 4779 et
988 4728 1164 4800 potensest
1185 4715 1295 4779 Domi-

344 4840 403 4883 nus
428 4820 638 4895 exercituum,
663 4818 810 4901 idemque
838 4816 978 4879 suaviter
1007 4815 1147 4901 disponit
1177 4815 1294 4893 omnia,
