3300 6434
449 1176 512 1236 208
706 1191 843 1234 ioannis
859 1189 1136 1235 sauesnsurnxsrs
1304 1179 1351 1253 [Α.
1372 1200 1407 1244 n.

444 1362 570 1411 narem;
595 1340 791 1424 quodquam
804 1341 932 1403 difficile
945 1342 996 1417 sit,
1008 1357 1062 1404 aut
1074 1344 1179 1425 potius
1190 1346 1404 1429 impossibile,

445 1444 538 1506 facile
558 1441 728 1525 perpendit
748 1442 917 1525 prudentia
936 1455 1051 1517 vestra,
1066 1445 1160 1528 cujus
1178 1448 1403 1513 acutissimum

442 1541 620 1623 ingenium,
647 1541 789 1622 linguam
821 1540 863 1603 ad
893 1540 1032 1604 dicenda
1064 1546 1171 1607 omnia
1201 1546 1402 1627 expeditam,

442 1644 695 1726 capacissimam,
709 1655 740 1704 et
757 1642 990 1706 tenacissimam
1002 1646 1186 1709 memoriam
1200 1661 1277 1710 aetas
1287 1638 1401 1715 nostra

443 1753 550 1825 stupet
565 1754 597 1804 et
613 1753 787 1803 veneratur.
827 1743 913 1803 Nam
928 1755 963 1803 ut
978 1744 1023 1805 ait
1039 1745 1195 1825 Apuleius
1210 1748 1241 1808 in
1259 1747 1340 1810 libro
1356 1749 1399 1811 de

443 1843 517 1905 Deo
536 1842 686 1915 Socratis,
706 1841 834 1903 laudern
859 1842 1030 1906 celeritatis
1053 1846 1146 1908 simul
1170 1861 1203 1909 et
1223 1847 1399 1928 diligentiae

442 1944 550 2007 nullus
562 1942 752 2025 assequitur,
758 1941 813 2004 sed
825 1954 856 2004 et
869 1942 1034 2023 grandium
1045 1947 1195 2009 librorum
1208 1970 1317 2029 graves
1329 1970 1399 2013 ma·

444 2044 530 2108 teriae
546 2045 579 2106 in
595 2042 729 2107 eandem
745 2042 934 2107 schedulam
951 2048 1039 2110 nulla
1062 2069 1211 2131 umquam
1227 2048 1398 2131 diligentia

443 2146 701 2228 compinguntur.
733 2142 816 2206 Nam
834 2145 874 2206 de
890 2144 1000 2228 primis
1011 2147 1135 2210 duabus
1150 2148 1397 2231 quaestionibus,

441 2247 482 2311 de
506 2268 637 2312 numero
663 2245 788 2309 scilieet
811 2245 966 2310 librorum
991 2258 1024 2310 et
1055 2251 1241 2314 auctoribus
1271 2272 1393 2327 eorum,

443 2351 654 2418 Cassiodorus
666 2350 842 2429 elegantem
860 2351 1039 2432 composuit
1049 2352 1182 2416 librum:
1204 2353 1260 2415 sed
1272 2354 1347 2436 quia
1362 2356 1393 2416 in

441 2454 502 2517 hac
519 2462 610 2537 parte
632 2449 710 2512 fides
728 2470 799 2513 mea
818 2449 996 2526 discutitur,
1010 2473 1082 2515 mea
1102 2454 1151 2515 vel
1174 2454 1307 2517 aliorum
1327 2478 1393 2518 non

441 2557 576 2619 multum
599 2550 752 2616 interesse
778 2553 922 2628 arbitror,
946 2551 1024 2634 quid
1046 2553 1209 2617 credatur:
1240 2557 1285 2620 sic
1310 2560 1394 2620 enim

441 2656 505 2720 hoc
527 2655 682 2727 credatur,
699 2675 739 2716 an
762 2655 864 2731 aliter,
878 2655 1001 2716 nullum
1024 2657 1135 2719 salutis
1157 2659 1247 2721 affert
1266 2657 1394 2741 dispen-

441 2754 539 2818 dium.
579 2756 618 2817 ln
633 2776 672 2817 eo
688 2767 793 2817 autem
809 2753 895 2837 quod
911 2775 970 2817 nec
987 2756 1091 2830 obest,
1105 2778 1165 2821 nec
1182 2758 1322 2841 prodest,
1336 2771 1393 2822 aut

439 2857 473 2919 in
504 2859 653 2920 alterutro
682 2875 792 2938 parum
820 2856 974 2916 momenti
1000 2858 1091 2919 affert
1115 2859 1221 2922 acrius
1248 2860 1391 2941 litigare:

440 2978 546 3020 nonne
569 2957 654 3019 idem
679 2969 727 3018 est
754 2978 791 3018 ac
817 2954 906 3017 side
928 2958 1003 3019 lana
1024 2960 1157 3041 caprina
1175 2961 1259 3024 inter
1273 2963 1393 3027 amicos

442 3060 584 3122 acerbius
601 3055 833 3120 contendatur?
862 3054 1000 3120 Proinde
1023 3060 1126 3139 magis
1141 3060 1237 3124 fidem
1256 3065 1394 3127 arbitror

439 3160 637 3242 impugnare,
649 3155 673 3218 si
690 3155 762 3241 quis
776 3157 809 3219 id
827 3156 867 3219 de
883 3177 949 3239 quo
963 3176 1027 3219 non
1044 3168 1180 3237 constat,
1194 3160 1392 3241 pervicacius

439 3270 568 3336 statuat,
583 3280 679 3343 quarn
695 3260 721 3320 si
736 3281 755 3320 a
775 3258 941 3321 temeraria
957 3258 1146 3323 delinitione
1163 3258 1338 3334 abstinens,
1356 3263 1389 3323 id

406 3379 409 3383 ·
441 3362 526 3425 unde
549 3371 656 3445 patres
677 3360 842 3423 dissentire
867 3359 962 3437 videt,
984 3372 1016 3424 et
1037 3359 1122 3444 quod
1144 3359 1236 3441 plene
1258 3359 1389 3423 inresti-

440 3486 514 3547 gare
534 3486 599 3528 non
620 3475 735 3547 potest,
757 3462 914 3545 relinquat
936 3462 1102 3525 incertum.
1137 3458 1257 3543 Opinio
1278 3472 1384 3523 tamen

439 3565 472 3628 in
488 3568 616 3632 alteram
637 3577 757 3648 partem
777 3575 884 3647 potest
903 3574 935 3626 et
950 3563 1047 3626 debet
1069 3583 1139 3627 esse
1157 3561 1335 3646 proclivior,
1350 3574 1385 3624 ut

441 3666 527 3750 quod
544 3668 702 3743 omnihus,
716 3676 774 3729 aut
788 3667 944 3749 pluribus,
958 3677 1014 3727 aut
1037 3666 1177 3728 maxime
1192 3664 1277 3727 notis
1296 3677 1388 3748 atque

439 3767 619 3849 praecipuis,
634 3781 688 3828 aut
708 3768 763 3828 uni
786 3767 903 3849 cuique
923 3766 1057 3848 probato
1078 3765 1193 3829 artifici
1213 3766 1387 3830 secundum

437 3867 597 3950 propriam
636 3867 759 3928 videtur
796 3867 996 3939 facultatem,
1032 3867 1157 3929 facilius
1196 3866 1392 3942 admittatur,

436 3969 497 4033 nisi
511 3969 594 4032 ratio
609 3969 787 4041 manifesta,
799 3978 854 4030 aut
868 3968 1064 4050 probabilior
1078 3969 1111 4030 in
1123 3968 1173 4030 his
1188 3989 1260 4051 quta
1276 3969 1391 4031 rationi

435 4072 579 4156 subjecta
594 4081 680 4143 sunt,
696 4068 880 4152 oppositum
896 4067 1013 4132 doceat
1036 4090 1106 4132 esse
1121 4088 1246 4131 rerum:
1273 4069 1388 4129 rationi

433 4196 508 4238 vero
538 4173 682 4257 subjecta
716 4171 845 4247 inserui,
875 4181 1004 4253 propter
1035 4172 1107 4235 illos
1143 4168 1302 4246 articulos,
1333 4170 1388 4250 qui

435 4298 561 4340 omnem
592 4276 722 4338 omnino
752 4273 985 4338 transcendunt
1013 4275 1182 4350 rationem,
1209 4273 1243 4334 in
1273 4271 1388 4354 quibus

434 4382 532 4443 stulta
549 4400 617 4443 esse
639 4379 803 4462 praeelegit
824 4376 971 4453 ecclesia,
996 4389 1031 4439 ut
1052 4377 1085 4437 in
1108 4375 1293 4459 insipientia
1313 4373 1389 4436 fidei

432 4480 685 4565 apprehenderet
700 4479 874 4548 Christum,
889 4479 949 4539 Dei
965 4478 1124 4554 virtutem,
1136 4488 1169 4540 et
1185 4475 1247 4538 Dei
1264 4475 1389 4558 sapien·

433 4583 508 4645 tiam
524 4604 619 4666 qnam
636 4602 709 4645 cum
727 4578 930 4663 philosophis
946 4577 1112 4655 Gentium,
1124 4577 1180 4661 qui
1196 4575 1341 4639 dicentes
1355 4596 1390 4637 se

433 4703 502 4745 esso
518 4685 677 4766 sapientes
692 4683 779 4745 stulti
795 4682 870 4744 facti
886 4691 970 4756 sunt,
985 4691 1017 4742 et
1038 4690 1237 4741 evanuerunt
1251 4677 1285 4737 in
1302 4677 1390 4757 cogi·

432 4782 606 4846 tationibus
626 4784 701 4861 suis,
719 4796 753 4845 ut
768 4783 917 4846 darentur
939 4783 1116 4846 insensum
1137 4776 1316 4860 reprobum,
1333 4797 1390 4859 per
