3300 6434
339 1221 407 1288 ,164
612 1233 748 1279 saturus
765 1233 1040 1280 saussnsurunsrs
1207 1221 1253 1300 [s.
1271 1238 1303 1283 s.

349 1385 495 1460 mabunt‚
511 1406 591 1471 quos
612 1406 717 1448 rerurn
742 1384 881 1471 qualitas
902 1398 934 1451 et
954 1408 1059 1450 causae
1072 1386 1214 1452 calculus
1230 1389 1302 1453 visi-

349 1487 405 1551 bili
429 1486 531 1571 specie
554 1487 678 1573 plenius
700 1486 888 1553 edocebunt.
935 1487 1006 1573 Ego
1029 1510 1159 1574 quoque
1181 1489 1215 1553 in
1237 1515 1303 1577 quo

349 1610 477 1673 possum
503 1589 561 1652 tibi
584 1610 646 1651 non
671 1588 777 1664 deero,
800 1587 923 1653 litteras
946 1612 1026 1675 quas
1047 1612 1086 1652 ex
1114 1605 1204 1677 parte
1229 1614 1301 1657 mea

346 1688 478 1753 domino
501 1711 592 1775 papae
617 1688 732 1766 trades,
754 1688 889 1775 accipies
912 1714 931 1753 a
957 1691 1055 1755 latore
1082 1694 1299 1777 praesentium,

348 1788 406 1853 tibi
421 1801 453 1852 et
468 1788 623 1853 fratribus
638 1787 757 1851 domini
780 1790 986 1873 praecentoris
1006 1792 1124 1856 bonurn
1139 1808 1298 1880 optantes,

349 1901 381 1953 et
396 1888 518 1952 utinam
535 1888 731 1953 obtinentes!
756 1889 789 1953 Si
804 1894 952 1955 affectum
965 1892 1098 1958 effectus
1114 1916 1176 1958 nou
1192 1893 1297 1982 sequi·

349 2003 413 2064 tur,
428 1991 568 2054 animum
585 1989 701 2054 veteris
714 1989 805 2054 amici
822 2013 884 2054 uon
900 2015 1026 2078 argues,
1042 1993 1097 2058 sed
1113 1996 1289 2060 fortunam.

362 2228 584 2293 EPISTOLA
608 2227 799 2291 CXV.-au
815 2247 955 2295 aurnum
969 2250 1130 2296 muamus
1145 2251 1291 2298 munsu-

660 2347 736 2391 ssu.
754 2327 800 2408 [Δ.
818 2348 848 2392 u.
869 2332 979 2412 noa]

688 2479 828 2545 Cellenei
842 2482 964 2547 Abbati.

392 2595 610 2662 Occuponem
621 2596 777 2661 scribendi
788 2597 877 2661 vobis
885 2600 1296 2687 gratanterarripui‚quum

347 2697 433 2784 apud
456 2720 512 2761 nos
527 2697 667 2761 viderem
687 2698 858 2775 hominem,
875 2721 969 2784 quem
992 2699 1104 2765 advos
1126 2702 1294 2767 credebam

346 2821 558 2864 reversurum.
604 2800 729 2864 Nuntio
752 2799 851 2881 igitur
877 2800 1076 2865 salutationis
1097 2815 1215 2867 vestrae
1242 2805 1296 2867 be·

347 2903 443 2985 aigne
458 2912 617 2985 suscepto,
627 2921 699 2963 eum
716 2922 753 2963 eo
768 2900 808 2963 de
823 2900 989 2965 referenda
999 2903 1091 2967 vobis
1106 2902 1296 2969 salutatione

346 3001 503 3078 contraxi,
529 3001 590 3066 sub
619 3016 749 3087 accepta
774 3003 931 3082 cautione,
957 3004 1033 3090 quia
1058 3027 1192 3091 persona
1217 3007 1295 3070 milri

345 3117 414 3169 erat
427 3103 597 3188 incognita,
643 3104 723 3180 Quae
737 3103 847 3188 itaque
862 3103 945 3168 circa
966 3128 1017 3168 me
1039 3120 1126 3182 sunt,
1142 3130 1180 3171 ex
1203 3123 1294 3192 parte

346 3205 501 3280 describo,
524 3217 556 3268 et
579 3226 704 3289 possem
728 3205 851 3269 utinam
875 3206 1008 3273 scribere
1030 3206 1169 3271 laetiora!
1205 3208 1294 3272 Post-

346 3331 443 3395 quam
463 3307 506 3371 ab
524 3303 653 3372 ecclesia
675 3309 819 3371 Romana
840 3328 984 3372 reversus
1006 3330 1088 3385 sum,
1104 3321 1152 3373 tot
1175 3311 1295 3374 acerbi-

346 3410 423 3476 tatis
436 3432 502 3473 suae
528 3407 686 3473 molestias
709 3409 742 3472 in
766 3430 817 3471 me
832 3407 962 3472 fortuna
984 3408 1152 3492 congessit,
1168 3424 1204 3474 ut
1227 3411 1294 3475 fere

346 3511 424 3576 nihil
440 3510 623 3576 adversitati
638 3510 815 3574 existimem
831 3531 882 3573 me
896 3523 989 3573 autea
1004 3509 1190 3595 praetulisse.
1229 3514 1294 3575 Mi-

345 3611 460 3677 ramini
481 3612 624 3687 forsitan,
645 3623 677 3675 et
699 3610 938 3695 obstupescitis,
958 3611 1038 3696 quid
1060 3634 1111 3674 me
1132 3621 1294 3699 tantopere

342 3715 486 3802 potnerit
502 3714 700 3799 perturbare.
745 3718 772 3777 H
779 3736 824 3776 oec
839 3713 872 3776 in
887 3735 964 3777 aure
979 3725 1083 3778 vestra
1099 3718 1208 3798 paucis
1223 3738 1296 3799 ape·

344 3816 433 3880 riam.
478 3813 674 3880 Serenissimi
689 3813 822 3905 domini,
837 3814 1047 3899 potentissimi
1063 3814 1182 3878 domini
1198 3817 1292 3900 regis,

344 3915 540 3982 invictissimi
557 3914 710 4000 principis
729 3916 830 3978 nostri
853 3925 921 3978 tota
935 3915 966 3978 in
983 3937 1033 3978 me
1056 3914 1221 3981 incanduit
1244 3919 1292 3981 in·

343 4018 497 4104 dignatio.
544 4017 576 4080 Si
603 4037 728 4079 causam
755 4013 910 4099 quaeritis,
937 4017 969 4079 ei
994 4015 1077 4078 forte
1103 4016 1177 4100 plus
1201 4018 1294 4101 justo

343 4120 418 4195 fari,
437 4116 628 4205 promotioni
652 4138 719 4179 suae
744 4114 950 4201 ultraquam
976 4114 1152 4199 oportuerit
1176 4117 1292 4194 institi,

343 4222 460 4286 adhoc
477 4234 545 4283 toto
564 4219 720 4283 desiderio
742 4217 846 4282 cordis
868 4218 1041 4304 suspirans,
1058 4229 1095 4281 ut
1118 4239 1212 4304 quem
1228 4219 1294 4283 sor·

342 4336 430 4387 tunae
454 4319 573 4382 invidia
595 4319 760 4382 credebam
785 4320 998 4394 exultantem,
1020 4316 1220 4382 miseratione
1244 4319 1295 4382 di-

342 4423 415 4487 vina
440 4433 624 4506 regnantem
650 4442 809 4484 cernerem
836 4422 868 4483 in
893 4433 1020 4505 patrum
1046 4419 1135 4495 solio,
1159 4432 1190 4483 et
1216 4420 1293 4503 jura

340 4525 512 4589 dictantem
528 4520 559 4582 in
577 4521 704 4606 populis
718 4531 751 4583 et
766 4520 957 4585 nationibus.
1003 4519 1053 4583 Sic
1077 4521 1160 4583 forte
1185 4518 1292 4583 deere-

340 4626 387 4689 vit
418 4622 577 4688 Dominus
611 4621 723 4707 punire
762 4621 993 4707 impatientiam
1033 4620 1181 4684 desiderii
1222 4622 1292 4685 mei.

341 4724 502 4809 Quicquid
529 4725 612 4787 enim
639 4722 842 4807 impatienter
865 4724 1040 4810 appetitur,
1066 4722 1114 4784 vel
1139 4723 1215 4807 fuga
1240 4722 1288 4785 vel

341 4847 465 4888 accessu
482 4823 600 4888 doloris
612 4824 764 4909 importat
776 4824 910 4888 aculeos.
952 4823 1061 4906 Hujus
1072 4838 1176 4887 tamen
1189 4822 1293 4907 culpae
