<?xml version="1.0" encoding="UTF-8"?>
<!DOCTYPE html PUBLIC "-//W3C//DTD XHTML 1.0 Transitional//EN"
    "http://www.w3.org/TR/xhtml1/DTD/xhtml1-transitional.dtd">
<html xmlns="http://www.w3.org/1999/xhtml" xml:lang="en" lang="en">
 <head>
  <title>
</title>
<meta http-equiv="Content-Type" content="text/html;charset=utf-8" />
  <meta name='ocr-system' content='tesseract 3.04.00' />
  <meta name='ocr-capabilities' content='ocr_page ocr_carea ocr_par ocr_line ocrx_word'/>
</head>
<body>
  <div class='ocr_page' id='page_1' title='image "./joannissaresber14johngoog_0156.png"; bbox 0 0 3300 6434; ppageno 0'>
   <div class='ocr_carea' id='block_1_1' title="bbox 424 1233 1370 1313">
    <p class='ocr_par' dir='ltr' id='par_1_1' title="bbox 424 1233 1370 1313">
     <span class='ocr_line' id='line_1_1' title="bbox 424 1233 1370 1313; baseline -0.006 -11"><span class='ocrx_word' id='word_1_1' title='bbox 424 1243 485 1302; x_wconf 78' lang='lat'>136</span> <span class='ocrx_word' id='word_1_2' title='bbox 675 1253 811 1299; x_wconf 72' lang='lat' dir='ltr'>ronanus</span> <span class='ocrx_word' id='word_1_3' title='bbox 826 1252 1105 1298; x_wconf 81' lang='lat' dir='ltr'>saassanamnsrs</span> <span class='ocrx_word' id='word_1_4' title='bbox 1275 1233 1320 1313; x_wconf 75' lang='lat' dir='ltr'>[a.</span> <span class='ocrx_word' id='word_1_5' title='bbox 1338 1253 1370 1296; x_wconf 90' lang='lat' dir='ltr'>n.</span> 
     </span>
    </p>
   </div>
   <div class='ocr_carea' id='block_1_2' title="bbox 418 1402 1370 2101">
    <p class='ocr_par' dir='ltr' id='par_1_2' title="bbox 418 1402 1370 2101">
     <span class='ocr_line' id='line_1_2' title="bbox 421 1402 1370 1495; baseline -0.007 -23"><span class='ocrx_word' id='word_1_6' title='bbox 421 1407 493 1473; x_wconf 88' lang='lat' dir='ltr'>Dei.</span> <span class='ocrx_word' id='word_1_7' title='bbox 531 1407 623 1472; x_wconf 89' lang='lat' dir='ltr'>Prior</span> <span class='ocrx_word' id='word_1_8' title='bbox 637 1430 768 1495; x_wconf 90' lang='lat' dir='ltr'>quoque</span> <span class='ocrx_word' id='word_1_9' title='bbox 778 1404 917 1471; x_wconf 91' lang='lat' dir='ltr'>Plinton.</span> <span class='ocrx_word' id='word_1_10' title='bbox 934 1418 965 1469; x_wconf 89' lang='lat' dir='ltr'>et</span> <span class='ocrx_word' id='word_1_11' title='bbox 977 1402 1076 1468; x_wconf 86' lang='lat' dir='ltr'>abbas</span> <span class='ocrx_word' id='word_1_12' title='bbox 1087 1402 1269 1478; x_wconf 85' lang='lat' dir='ltr'>Tavistoch,</span> <span class='ocrx_word' id='word_1_13' title='bbox 1281 1403 1305 1467; x_wconf 89' lang='lat' dir='ltr'>si</span> <span class='ocrx_word' id='word_1_14' title='bbox 1323 1416 1370 1467; x_wconf 90' lang='lat' dir='ltr'>ta-</span> 
     </span>
     <span class='ocr_line' id='line_1_3' title="bbox 420 1505 1370 1595; baseline -0.005 -23"><span class='ocrx_word' id='word_1_15' title='bbox 420 1530 492 1573; x_wconf 88' lang='lat' dir='ltr'>men</span> <span class='ocrx_word' id='word_1_16' title='bbox 507 1512 636 1595; x_wconf 86' lang='lat' dir='ltr'>sapiunt</span> <span class='ocrx_word' id='word_1_17' title='bbox 650 1528 772 1594; x_wconf 88' lang='lat' dir='ltr'>pacem.</span> <span class='ocrx_word' id='word_1_18' title='bbox 816 1512 862 1573; x_wconf 88' lang='lat' dir='ltr'>Et</span> <span class='ocrx_word' id='word_1_19' title='bbox 878 1520 914 1572; x_wconf 85' lang='lat' dir='ltr'>tu</span> <span class='ocrx_word' id='word_1_20' title='bbox 931 1509 957 1571; x_wconf 94' lang='lat' dir='ltr'>si</span> <span class='ocrx_word' id='word_1_21' title='bbox 975 1520 1066 1593; x_wconf 89' lang='lat' dir='ltr'>potes</span> <span class='ocrx_word' id='word_1_22' title='bbox 1081 1507 1146 1570; x_wconf 89' lang='lat' dir='ltr'>sine</span> <span class='ocrx_word' id='word_1_23' title='bbox 1168 1505 1370 1591; x_wconf 83' lang='lat' dir='ltr'>turpitudine</span> 
     </span>
     <span class='ocr_line' id='line_1_4' title="bbox 419 1606 1370 1693; baseline -0.007 -18"><span class='ocrx_word' id='word_1_24' title='bbox 419 1610 617 1675; x_wconf 75' lang='lat' dir='ltr'>conscientia.³</span> <span class='ocrx_word' id='word_1_25' title='bbox 638 1622 669 1674; x_wconf 94' lang='lat' dir='ltr'>et</span> <span class='ocrx_word' id='word_1_26' title='bbox 696 1609 790 1673; x_wconf 81' lang='lat' dir='ltr'>samae</span> <span class='ocrx_word' id='word_1_27' title='bbox 815 1606 972 1673; x_wconf 89' lang='lat' dir='ltr'>declinare</span> <span class='ocrx_word' id='word_1_28' title='bbox 997 1607 1243 1693; x_wconf 82' lang='lat' dir='ltr'>indignationem</span> <span class='ocrx_word' id='word_1_29' title='bbox 1269 1628 1370 1669; x_wconf 80' lang='lat' dir='ltr'>remu·</span> 
     </span>
     <span class='ocr_line' id='line_1_5' title="bbox 420 1706 1368 1795; baseline -0.005 -21"><span class='ocrx_word' id='word_1_30' title='bbox 420 1710 535 1791; x_wconf 86' lang='lat' dir='ltr'>lorum,</span> <span class='ocrx_word' id='word_1_31' title='bbox 549 1712 583 1776; x_wconf 94' lang='lat' dir='ltr'>id</span> <span class='ocrx_word' id='word_1_32' title='bbox 598 1711 704 1776; x_wconf 84' lang='lat' dir='ltr'>facias.</span> <span class='ocrx_word' id='word_1_33' title='bbox 742 1715 825 1777; x_wconf 91' lang='lat' dir='ltr'>Nam</span> <span class='ocrx_word' id='word_1_34' title='bbox 843 1734 917 1795; x_wconf 82' lang='lat' dir='ltr'>quae</span> <span class='ocrx_word' id='word_1_35' title='bbox 931 1732 1009 1774; x_wconf 90' lang='lat' dir='ltr'>cura</span> <span class='ocrx_word' id='word_1_36' title='bbox 1023 1706 1063 1772; x_wconf 92' lang='lat' dir='ltr'>de</span> <span class='ocrx_word' id='word_1_37' title='bbox 1075 1707 1270 1774; x_wconf 63' lang='lat' dir='ltr'>mobilibus?</span> <span class='ocrx_word' id='word_1_38' title='bbox 1294 1708 1368 1789; x_wconf 89' lang='lat' dir='ltr'>Ego</span> 
     </span>
     <span class='ocr_line' id='line_1_6' title="bbox 420 1808 1368 1898; baseline -0.005 -22"><span class='ocrx_word' id='word_1_39' title='bbox 420 1827 452 1877; x_wconf 85' lang='lat' dir='ltr'>te</span> <span class='ocrx_word' id='word_1_40' title='bbox 467 1834 529 1876; x_wconf 93' lang='lat' dir='ltr'>non</span> <span class='ocrx_word' id='word_1_41' title='bbox 544 1835 632 1887; x_wconf 92' lang='lat' dir='ltr'>curo,</span> <span class='ocrx_word' id='word_1_42' title='bbox 650 1812 708 1877; x_wconf 85' lang='lat' dir='ltr'>nisi</span> <span class='ocrx_word' id='word_1_43' title='bbox 729 1812 891 1898; x_wconf 83' lang='lat' dir='ltr'>proecipue</span> <span class='ocrx_word' id='word_1_44' title='bbox 916 1833 1018 1874; x_wconf 89' lang='lat' dir='ltr'>mores</span> <span class='ocrx_word' id='word_1_45' title='bbox 1043 1809 1213 1874; x_wconf 83' lang='lat' dir='ltr'>curaveris.</span> <span class='ocrx_word' id='word_1_46' title='bbox 1259 1808 1368 1872; x_wconf 88' lang='lat' dir='ltr'>Valete</span> 
     </span>
     <span class='ocr_line' id='line_1_7' title="bbox 418 1910 1368 1998; baseline -0.004 -21"><span class='ocrx_word' id='word_1_47' title='bbox 418 1934 490 1979; x_wconf 90' lang='lat' dir='ltr'>cum</span> <span class='ocrx_word' id='word_1_48' title='bbox 502 1912 654 1979; x_wconf 78' lang='lat' dir='ltr'>iratribus</span> <span class='ocrx_word' id='word_1_49' title='bbox 666 1915 753 1989; x_wconf 84' lang='lat' dir='ltr'>meis,</span> <span class='ocrx_word' id='word_1_50' title='bbox 766 1927 797 1979; x_wconf 92' lang='lat' dir='ltr'>et</span> <span class='ocrx_word' id='word_1_51' title='bbox 812 1913 893 1993; x_wconf 82' lang='lat' dir='ltr'>aliis,</span> <span class='ocrx_word' id='word_1_52' title='bbox 903 1911 944 1976; x_wconf 94' lang='lat' dir='ltr'>de</span> <span class='ocrx_word' id='word_1_53' title='bbox 959 1912 1078 1998; x_wconf 87' lang='lat' dir='ltr'>quibus</span> <span class='ocrx_word' id='word_1_54' title='bbox 1089 1926 1200 1997; x_wconf 89' lang='lat' dir='ltr'>optare</span> <span class='ocrx_word' id='word_1_55' title='bbox 1215 1910 1368 1975; x_wconf 84' lang='lat' dir='ltr'>debemus</span> 
     </span>
     <span class='ocr_line' id='line_1_8' title="bbox 418 2013 1367 2101; baseline -0.003 -22"><span class='ocrx_word' id='word_1_56' title='bbox 418 2027 456 2079; x_wconf 92' lang='lat' dir='ltr'>ut</span> <span class='ocrx_word' id='word_1_57' title='bbox 471 2014 606 2079; x_wconf 89' lang='lat' dir='ltr'>valeant.</span> <span class='ocrx_word' id='word_1_58' title='bbox 652 2014 725 2079; x_wconf 87' lang='lat' dir='ltr'>Hoc</span> <span class='ocrx_word' id='word_1_59' title='bbox 741 2015 799 2081; x_wconf 90' lang='lat' dir='ltr'>tibi</span> <span class='ocrx_word' id='word_1_60' title='bbox 819 2014 1050 2101; x_wconf 87' lang='lat' dir='ltr'>impertiuntur</span> <span class='ocrx_word' id='word_1_61' title='bbox 1072 2013 1235 2077; x_wconf 74' lang='lat' dir='ltr'>domestici</span> <span class='ocrx_word' id='word_1_62' title='bbox 1256 2013 1367 2089; x_wconf 86' lang='lat' dir='ltr'>nostri,</span> 
     </span>
    </p>
   </div>
   <div class='ocr_carea' id='block_1_3' title="bbox 418 2114 807 2203">
    <p class='ocr_par' dir='ltr' id='par_1_3' title="bbox 418 2114 807 2203">
     <span class='ocr_line' id='line_1_9' title="bbox 418 2114 807 2203; baseline 0.003 -22"><span class='ocrx_word' id='word_1_63' title='bbox 418 2139 500 2203; x_wconf 90' lang='lat' dir='ltr'>quos</span> <span class='ocrx_word' id='word_1_64' title='bbox 517 2114 619 2182; x_wconf 85' lang='lat' dir='ltr'>valere</span> <span class='ocrx_word' id='word_1_65' title='bbox 636 2116 807 2182; x_wconf 74' lang='lat' dir='ltr'>desideras</span> 
     </span>
    </p>
   </div>
   <div class='ocr_carea' id='block_1_4' title="bbox 724 2403 1059 2467">
    <p class='ocr_par' dir='ltr' id='par_1_4' title="bbox 724 2403 1059 2467">
     <span class='ocr_line' id='line_1_10' title="bbox 724 2403 1059 2467; baseline -0.003 -1"><span class='ocrx_word' id='word_1_66' title='bbox 724 2403 946 2467; x_wconf 80' lang='lat' dir='ltr'>EPISTOLA</span> <span class='ocrx_word' id='word_1_67' title='bbox 970 2403 1059 2467; x_wconf 77' lang='lat' dir='ltr'>xcl.</span> 
     </span>
    </p>
   </div>
   <div class='ocr_carea' id='block_1_5' title="bbox 414 2558 1367 3869">
    <p class='ocr_par' dir='ltr' id='par_1_5' title="bbox 414 2558 1367 3869">
     <span class='ocr_line' id='line_1_11' title="bbox 461 2558 1367 2646; baseline 0.001 -24"><span class='ocrx_word' id='word_1_68' title='bbox 461 2561 612 2623; x_wconf 78' lang='lat' dir='ltr'>Gnarus</span> <span class='ocrx_word' id='word_1_69' title='bbox 627 2572 765 2646; x_wconf 86' lang='lat' dir='ltr'>quantas</span> <span class='ocrx_word' id='word_1_70' title='bbox 781 2581 909 2645; x_wconf 85' lang='lat' dir='ltr'>possum</span> <span class='ocrx_word' id='word_1_71' title='bbox 928 2561 1030 2625; x_wconf 83' lang='lat' dir='ltr'>refero</span> <span class='ocrx_word' id='word_1_72' title='bbox 1046 2558 1233 2625; x_wconf 81' lang='lat' dir='ltr'>sublimitati</span> <span class='ocrx_word' id='word_1_73' title='bbox 1245 2573 1277 2625; x_wconf 91' lang='lat' dir='ltr'>et</span> <span class='ocrx_word' id='word_1_74' title='bbox 1292 2559 1367 2624; x_wconf 84' lang='lat' dir='ltr'>fidei</span> 
     </span>
     <span class='ocr_line' id='line_1_12' title="bbox 416 2661 1365 2748; baseline 0.001 -25"><span class='ocrx_word' id='word_1_75' title='bbox 416 2674 541 2734; x_wconf 78' lang='lat' dir='ltr'>vestrae,</span> <span class='ocrx_word' id='word_1_76' title='bbox 557 2683 631 2747; x_wconf 84' lang='lat' dir='ltr'>quae</span> <span class='ocrx_word' id='word_1_77' title='bbox 645 2682 695 2724; x_wconf 90' lang='lat' dir='ltr'>me</span> <span class='ocrx_word' id='word_1_78' title='bbox 710 2684 768 2748; x_wconf 92' lang='lat' dir='ltr'>per</span> <span class='ocrx_word' id='word_1_79' title='bbox 782 2675 830 2726; x_wconf 91' lang='lat' dir='ltr'>tot</span> <span class='ocrx_word' id='word_1_80' title='bbox 846 2676 1002 2728; x_wconf 88' lang='lat' dir='ltr'>terrarum</span> <span class='ocrx_word' id='word_1_81' title='bbox 1018 2679 1050 2729; x_wconf 87' lang='lat' dir='ltr'>et</span> <span class='ocrx_word' id='word_1_82' title='bbox 1067 2662 1160 2726; x_wconf 90' lang='lat' dir='ltr'>maris</span> <span class='ocrx_word' id='word_1_83' title='bbox 1174 2661 1276 2746; x_wconf 87' lang='lat' dir='ltr'>spatia</span> <span class='ocrx_word' id='word_1_84' title='bbox 1294 2662 1365 2746; x_wconf 86' lang='lat' dir='ltr'>dig-</span> 
     </span>
     <span class='ocr_line' id='line_1_13' title="bbox 416 2762 1364 2849; baseline -0.003 -22"><span class='ocrx_word' id='word_1_85' title='bbox 416 2777 491 2829; x_wconf 86' lang='lat' dir='ltr'>nata</span> <span class='ocrx_word' id='word_1_86' title='bbox 506 2778 553 2826; x_wconf 88' lang='lat' dir='ltr'>est</span> <span class='ocrx_word' id='word_1_87' title='bbox 569 2762 676 2849; x_wconf 88' lang='lat' dir='ltr'>scripti</span> <span class='ocrx_word' id='word_1_88' title='bbox 690 2763 739 2827; x_wconf 90' lang='lat' dir='ltr'>sui</span> <span class='ocrx_word' id='word_1_89' title='bbox 755 2763 867 2829; x_wconf 77' lang='lat' dir='ltr'>solatio</span> <span class='ocrx_word' id='word_1_90' title='bbox 879 2786 1027 2829; x_wconf 87' lang='lat' dir='ltr'>recreare.</span> <span class='ocrx_word' id='word_1_91' title='bbox 1066 2766 1220 2829; x_wconf 79' lang='lat' dir='ltr'>Fortunae</span> <span class='ocrx_word' id='word_1_92' title='bbox 1234 2762 1364 2849; x_wconf 87' lang='lat' dir='ltr'>quidem</span> 
     </span>
     <span class='ocr_line' id='line_1_14' title="bbox 416 2864 1366 2952; baseline -0.001 -24"><span class='ocrx_word' id='word_1_93' title='bbox 416 2866 583 2941; x_wconf 76' lang='lat' dir='ltr'>saevitiam,</span> <span class='ocrx_word' id='word_1_94' title='bbox 599 2865 675 2929; x_wconf 93' lang='lat' dir='ltr'>dum</span> <span class='ocrx_word' id='word_1_95' title='bbox 693 2866 724 2929; x_wconf 92' lang='lat' dir='ltr'>in</span> <span class='ocrx_word' id='word_1_96' title='bbox 742 2881 917 2952; x_wconf 88' lang='lat' dir='ltr'>utrumque</span> <span class='ocrx_word' id='word_1_97' title='bbox 940 2881 1082 2932; x_wconf 88' lang='lat' dir='ltr'>nostrum</span> <span class='ocrx_word' id='word_1_98' title='bbox 1106 2865 1255 2931; x_wconf 69' lang='lat' dir='ltr'>saeviebat</span> <span class='ocrx_word' id='word_1_99' title='bbox 1272 2864 1366 2928; x_wconf 86' lang='lat' dir='ltr'>vehe-</span> 
     </span>
     <span class='ocr_line' id='line_1_15' title="bbox 415 2967 1365 3056; baseline 0 -26"><span class='ocrx_word' id='word_1_100' title='bbox 415 2980 538 3031; x_wconf 83' lang='lat' dir='ltr'>menter</span> <span class='ocrx_word' id='word_1_101' title='bbox 551 2967 714 3045; x_wconf 85' lang='lat' dir='ltr'>exhorrui,</span> <span class='ocrx_word' id='word_1_102' title='bbox 730 2968 783 3032; x_wconf 92' lang='lat' dir='ltr'>sed</span> <span class='ocrx_word' id='word_1_103' title='bbox 799 2992 840 3033; x_wconf 86' lang='lat' dir='ltr'>ex</span> <span class='ocrx_word' id='word_1_104' title='bbox 863 2993 927 3055; x_wconf 90' lang='lat' dir='ltr'>quo</span> <span class='ocrx_word' id='word_1_105' title='bbox 941 2970 1073 3056; x_wconf 86' lang='lat' dir='ltr'>spiritus</span> <span class='ocrx_word' id='word_1_106' title='bbox 1086 2970 1166 3056; x_wconf 87' lang='lat' dir='ltr'>ejus,</span> <span class='ocrx_word' id='word_1_107' title='bbox 1180 2967 1271 3031; x_wconf 82' lang='lat' dir='ltr'>vobis</span> <span class='ocrx_word' id='word_1_108' title='bbox 1292 2967 1365 3031; x_wconf 91' lang='lat' dir='ltr'>red-</span> 
     </span>
     <span class='ocr_line' id='line_1_16' title="bbox 414 3068 1366 3156; baseline -0.002 -23"><span class='ocrx_word' id='word_1_109' title='bbox 414 3068 483 3133; x_wconf 90' lang='lat' dir='ltr'>dita</span> <span class='ocrx_word' id='word_1_110' title='bbox 503 3070 610 3156; x_wconf 90' lang='lat' dir='ltr'>quiete</span> <span class='ocrx_word' id='word_1_111' title='bbox 632 3068 804 3145; x_wconf 86' lang='lat' dir='ltr'>detumuit,</span> <span class='ocrx_word' id='word_1_112' title='bbox 819 3094 928 3137; x_wconf 87' lang='lat' dir='ltr'>auram</span> <span class='ocrx_word' id='word_1_113' title='bbox 945 3071 1035 3149; x_wconf 90' lang='lat' dir='ltr'>mibi,</span> <span class='ocrx_word' id='word_1_114' title='bbox 1050 3089 1082 3136; x_wconf 89' lang='lat' dir='ltr'>et</span> <span class='ocrx_word' id='word_1_115' title='bbox 1103 3072 1129 3134; x_wconf 93' lang='lat' dir='ltr'>si</span> <span class='ocrx_word' id='word_1_116' title='bbox 1152 3092 1214 3134; x_wconf 90' lang='lat' dir='ltr'>non</span> <span class='ocrx_word' id='word_1_117' title='bbox 1238 3069 1366 3146; x_wconf 88' lang='lat' dir='ltr'>sentire,</span> 
     </span>
     <span class='ocr_line' id='line_1_17' title="bbox 414 3170 1364 3252; baseline -0.001 -19"><span class='ocrx_word' id='word_1_118' title='bbox 414 3170 464 3234; x_wconf 84' lang='lat' dir='ltr'>rel</span> <span class='ocrx_word' id='word_1_119' title='bbox 479 3185 575 3247; x_wconf 88' lang='lat' dir='ltr'>certe,</span> <span class='ocrx_word' id='word_1_120' title='bbox 587 3186 715 3238; x_wconf 89' lang='lat' dir='ltr'>auctore</span> <span class='ocrx_word' id='word_1_121' title='bbox 729 3171 880 3252; x_wconf 90' lang='lat' dir='ltr'>Domino,</span> <span class='ocrx_word' id='word_1_122' title='bbox 889 3186 921 3237; x_wconf 91' lang='lat' dir='ltr'>et</span> <span class='ocrx_word' id='word_1_123' title='bbox 933 3188 1039 3237; x_wconf 84' lang='lat' dir='ltr'>vestra</span> <span class='ocrx_word' id='word_1_124' title='bbox 1049 3172 1184 3236; x_wconf 82' lang='lat' dir='ltr'>faciente</span> <span class='ocrx_word' id='word_1_125' title='bbox 1195 3170 1364 3247; x_wconf 86' lang='lat' dir='ltr'>industria,</span> 
     </span>
     <span class='ocr_line' id='line_1_18' title="bbox 414 3272 1364 3360; baseline -0.001 -24"><span class='ocrx_word' id='word_1_126' title='bbox 414 3276 593 3360; x_wconf 87' lang='lat' dir='ltr'>prospicere</span> <span class='ocrx_word' id='word_1_127' title='bbox 623 3274 733 3338; x_wconf 85' lang='lat' dir='ltr'>videor</span> <span class='ocrx_word' id='word_1_128' title='bbox 762 3273 930 3338; x_wconf 87' lang='lat' dir='ltr'>mitiorem.</span> <span class='ocrx_word' id='word_1_129' title='bbox 980 3272 1074 3351; x_wconf 84' lang='lat' dir='ltr'>Quod</span> <span class='ocrx_word' id='word_1_130' title='bbox 1105 3272 1130 3336; x_wconf 85' lang='lat' dir='ltr'>si</span> <span class='ocrx_word' id='word_1_131' title='bbox 1160 3272 1364 3357; x_wconf 86' lang='lat' dir='ltr'>exigentibus</span> 
     </span>
     <span class='ocr_line' id='line_1_19' title="bbox 416 3372 1365 3463; baseline -0.005 -23"><span class='ocrx_word' id='word_1_132' title='bbox 416 3375 552 3459; x_wconf 88' lang='lat' dir='ltr'>peccatis</span> <span class='ocrx_word' id='word_1_133' title='bbox 567 3376 654 3457; x_wconf 84' lang='lat' dir='ltr'>meis,</span> <span class='ocrx_word' id='word_1_134' title='bbox 666 3399 755 3463; x_wconf 89' lang='lat' dir='ltr'>spem</span> <span class='ocrx_word' id='word_1_135' title='bbox 771 3398 885 3456; x_wconf 89' lang='lat' dir='ltr'>meam,</span> <span class='ocrx_word' id='word_1_136' title='bbox 895 3374 983 3461; x_wconf 86' lang='lat' dir='ltr'>qnod</span> <span class='ocrx_word' id='word_1_137' title='bbox 998 3374 1092 3455; x_wconf 87' lang='lat' dir='ltr'>absit,</span> <span class='ocrx_word' id='word_1_138' title='bbox 1104 3373 1169 3438; x_wconf 82' lang='lat' dir='ltr'>falti</span> <span class='ocrx_word' id='word_1_139' title='bbox 1185 3372 1365 3457; x_wconf 83' lang='lat' dir='ltr'>contigerit,</span> 
     </span>
     <span class='ocr_line' id='line_1_20' title="bbox 414 3474 1364 3565; baseline -0.002 -26"><span class='ocrx_word' id='word_1_140' title='bbox 414 3476 491 3542; x_wconf 86' lang='lat' dir='ltr'>forti</span> <span class='ocrx_word' id='word_1_141' title='bbox 506 3492 538 3542; x_wconf 86' lang='lat' dir='ltr'>et</span> <span class='ocrx_word' id='word_1_142' title='bbox 554 3478 628 3543; x_wconf 76' lang='lat' dir='ltr'>laeto</span> <span class='ocrx_word' id='word_1_143' title='bbox 642 3478 747 3542; x_wconf 90' lang='lat' dir='ltr'>animo</span> <span class='ocrx_word' id='word_1_144' title='bbox 761 3499 819 3565; x_wconf 90' lang='lat' dir='ltr'>per</span> <span class='ocrx_word' id='word_1_145' title='bbox 834 3475 1080 3542; x_wconf 87' lang='lat' dir='ltr'>misericordiam</span> <span class='ocrx_word' id='word_1_146' title='bbox 1104 3474 1234 3540; x_wconf 89' lang='lat' dir='ltr'>Domini</span> <span class='ocrx_word' id='word_1_147' title='bbox 1249 3496 1364 3560; x_wconf 88' lang='lat' dir='ltr'>corpus</span> 
     </span>
     <span class='ocr_line' id='line_1_21' title="bbox 416 3578 1365 3670; baseline -0.003 -28"><span class='ocrx_word' id='word_1_148' title='bbox 416 3601 520 3644; x_wconf 91' lang='lat' dir='ltr'>meum</span> <span class='ocrx_word' id='word_1_149' title='bbox 536 3580 662 3664; x_wconf 82' lang='lat' dir='ltr'>flagello</span> <span class='ocrx_word' id='word_1_150' title='bbox 676 3581 918 3670; x_wconf 84' lang='lat' dir='ltr'>dispensationis</span> <span class='ocrx_word' id='word_1_151' title='bbox 932 3579 1050 3645; x_wconf 75' lang='lat' dir='ltr'>divina</span> <span class='ocrx_word' id='word_1_152' title='bbox 1066 3578 1243 3667; x_wconf 86' lang='lat' dir='ltr'>subjiciam,</span> <span class='ocrx_word' id='word_1_153' title='bbox 1258 3590 1365 3641; x_wconf 88' lang='lat' dir='ltr'>certus</span> 
     </span>
     <span class='ocr_line' id='line_1_22' title="bbox 414 3679 1364 3773; baseline 0.002 -33"><span class='ocrx_word' id='word_1_154' title='bbox 414 3680 501 3761; x_wconf 90' lang='lat' dir='ltr'>quod</span> <span class='ocrx_word' id='word_1_155' title='bbox 517 3681 605 3743; x_wconf 85' lang='lat' dir='ltr'>nulla</span> <span class='ocrx_word' id='word_1_156' title='bbox 620 3684 746 3747; x_wconf 89' lang='lat' dir='ltr'>nocebit</span> <span class='ocrx_word' id='word_1_157' title='bbox 760 3683 945 3761; x_wconf 85' lang='lat' dir='ltr'>adversitas,</span> <span class='ocrx_word' id='word_1_158' title='bbox 960 3681 986 3746; x_wconf 87' lang='lat' dir='ltr'>si</span> <span class='ocrx_word' id='word_1_159' title='bbox 1001 3682 1180 3773; x_wconf 89' lang='lat' dir='ltr'>iniquitatis</span> <span class='ocrx_word' id='word_1_160' title='bbox 1189 3681 1273 3767; x_wconf 79' lang='lat' dir='ltr'>jugo</span> <span class='ocrx_word' id='word_1_161' title='bbox 1283 3679 1364 3743; x_wconf 80' lang='lat' dir='ltr'>colia</span> 
     </span>
     <span class='ocr_line' id='line_1_23' title="bbox 414 3778 1363 3869; baseline 0.007 -31"><span class='ocrx_word' id='word_1_162' title='bbox 414 3778 612 3844; x_wconf 81' lang='lat' dir='ltr'>subtraxero.</span> <span class='ocrx_word' id='word_1_163' title='bbox 659 3785 759 3846; x_wconf 89' lang='lat' dir='ltr'>Porro</span> <span class='ocrx_word' id='word_1_164' title='bbox 789 3788 905 3849; x_wconf 86' lang='lat' dir='ltr'>mentis</span> <span class='ocrx_word' id='word_1_165' title='bbox 935 3807 1014 3851; x_wconf 78' lang='lat' dir='ltr'>meaa</span> <span class='ocrx_word' id='word_1_166' title='bbox 1046 3784 1210 3869; x_wconf 82' lang='lat' dir='ltr'>angustias</span> <span class='ocrx_word' id='word_1_167' title='bbox 1239 3794 1363 3848; x_wconf 88' lang='lat' dir='ltr'>serenat</span> 
     </span>
    </p>
   </div>
   <div class='ocr_carea' id='block_1_6' title="bbox 412 3876 1363 4066">
    <p class='ocr_par' dir='ltr' id='par_1_6' title="bbox 412 3876 1363 4066">
     <span class='ocr_line' id='line_1_24' title="bbox 413 3876 1363 3969; baseline 0.012 -31"><span class='ocrx_word' id='word_1_168' title='bbox 413 3876 630 3944; x_wconf 84' lang='lat' dir='ltr'>testimonium</span> <span class='ocrx_word' id='word_1_169' title='bbox 645 3882 844 3952; x_wconf 66' lang='lat' dir='ltr'>conscientie</span> <span class='ocrx_word' id='word_1_170' title='bbox 867 3886 1052 3956; x_wconf 83' lang='lat' dir='ltr'>innocentis,</span> <span class='ocrx_word' id='word_1_171' title='bbox 1067 3908 1140 3969; x_wconf 83' lang='lat' dir='ltr'>quae</span> <span class='ocrx_word' id='word_1_172' title='bbox 1156 3886 1242 3949; x_wconf 89' lang='lat' dir='ltr'>illius</span> <span class='ocrx_word' id='word_1_173' title='bbox 1264 3885 1363 3950; x_wconf 85' lang='lat' dir='ltr'>solius</span> 
     </span>
     <span class='ocr_line' id='line_1_25' title="bbox 412 3978 1361 4066; baseline 0.004 -25"><span class='ocrx_word' id='word_1_174' title='bbox 412 3991 540 4042; x_wconf 84' lang='lat' dir='ltr'>veretur</span> <span class='ocrx_word' id='word_1_175' title='bbox 556 3978 727 4066; x_wconf 89' lang='lat' dir='ltr'>judicium,</span> <span class='ocrx_word' id='word_1_176' title='bbox 745 3992 818 4045; x_wconf 90' lang='lat' dir='ltr'>ante</span> <span class='ocrx_word' id='word_1_177' title='bbox 840 3983 933 4066; x_wconf 91' lang='lat' dir='ltr'>cujus</span> <span class='ocrx_word' id='word_1_178' title='bbox 956 3982 1098 4045; x_wconf 87' lang='lat' dir='ltr'>tribunal</span> <span class='ocrx_word' id='word_1_179' title='bbox 1120 3984 1307 4047; x_wconf 85' lang='lat' dir='ltr'>convenient</span> <span class='ocrx_word' id='word_1_180' title='bbox 1330 3984 1361 4046; x_wconf 93' lang='lat' dir='ltr'>in</span> 
     </span>
    </p>
   </div>
   <div class='ocr_carea' id='block_1_7' title="bbox 410 4081 1362 4769">
    <p class='ocr_par' dir='ltr' id='par_1_7' title="bbox 410 4081 1362 4769">
     <span class='ocr_line' id='line_1_26' title="bbox 412 4081 1362 4169; baseline -0.002 -22"><span class='ocrx_word' id='word_1_181' title='bbox 412 4081 501 4147; x_wconf 90' lang='lat' dir='ltr'>brevi</span> <span class='ocrx_word' id='word_1_182' title='bbox 517 4082 606 4146; x_wconf 89' lang='lat' dir='ltr'>dives</span> <span class='ocrx_word' id='word_1_183' title='bbox 619 4095 651 4148; x_wconf 92' lang='lat' dir='ltr'>et</span> <span class='ocrx_word' id='word_1_184' title='bbox 675 4104 806 4169; x_wconf 88' lang='lat' dir='ltr'>pauper,</span> <span class='ocrx_word' id='word_1_185' title='bbox 821 4095 854 4147; x_wconf 91' lang='lat' dir='ltr'>et</span> <span class='ocrx_word' id='word_1_186' title='bbox 876 4093 1031 4167; x_wconf 87' lang='lat' dir='ltr'>cogentur</span> <span class='ocrx_word' id='word_1_187' title='bbox 1052 4104 1160 4146; x_wconf 91' lang='lat' dir='ltr'>onmes</span> <span class='ocrx_word' id='word_1_188' title='bbox 1182 4081 1238 4147; x_wconf 83' lang='lat' dir='ltr'>filii</span> <span class='ocrx_word' id='word_1_189' title='bbox 1261 4084 1362 4145; x_wconf 91' lang='lat' dir='ltr'>homi-</span> 
     </span>
     <span class='ocr_line' id='line_1_27' title="bbox 412 4184 1360 4270; baseline 0 -21"><span class='ocrx_word' id='word_1_190' title='bbox 412 4208 489 4249; x_wconf 87' lang='lat' dir='ltr'>num</span> <span class='ocrx_word' id='word_1_191' title='bbox 506 4208 564 4270; x_wconf 90' lang='lat' dir='ltr'>pro</span> <span class='ocrx_word' id='word_1_192' title='bbox 579 4209 612 4250; x_wconf 88' lang='lat' dir='ltr'>se</span> <span class='ocrx_word' id='word_1_193' title='bbox 628 4185 758 4249; x_wconf 88' lang='lat' dir='ltr'>reddere</span> <span class='ocrx_word' id='word_1_194' title='bbox 773 4184 936 4252; x_wconf 83' lang='lat' dir='ltr'>rationem.</span> <span class='ocrx_word' id='word_1_195' title='bbox 975 4184 1135 4248; x_wconf 76' lang='lat' dir='ltr'>Caeterum</span> <span class='ocrx_word' id='word_1_196' title='bbox 1150 4184 1360 4249; x_wconf 89' lang='lat' dir='ltr'>innocentiam</span> 
     </span>
     <span class='ocr_line' id='line_1_28' title="bbox 412 4288 1360 4376; baseline 0.001 -25"><span class='ocrx_word' id='word_1_197' title='bbox 412 4312 513 4351; x_wconf 89' lang='lat' dir='ltr'>meam</span> <span class='ocrx_word' id='word_1_198' title='bbox 530 4290 606 4376; x_wconf 86' lang='lat' dir='ltr'>quid</span> <span class='ocrx_word' id='word_1_199' title='bbox 623 4289 737 4354; x_wconf 87' lang='lat' dir='ltr'>attinet</span> <span class='ocrx_word' id='word_1_200' title='bbox 752 4311 914 4365; x_wconf 82' lang='lat' dir='ltr'>excusare,</span> <span class='ocrx_word' id='word_1_201' title='bbox 929 4309 1031 4375; x_wconf 89' lang='lat' dir='ltr'>quum</span> <span class='ocrx_word' id='word_1_202' title='bbox 1046 4309 1116 4350; x_wconf 92' lang='lat' dir='ltr'>eam</span> <span class='ocrx_word' id='word_1_203' title='bbox 1131 4288 1280 4352; x_wconf 89' lang='lat' dir='ltr'>sanctitas</span> <span class='ocrx_word' id='word_1_204' title='bbox 1292 4311 1360 4352; x_wconf 85' lang='lat' dir='ltr'>ves·</span> 
     </span>
     <span class='ocr_line' id='line_1_29' title="bbox 412 4391 1362 4478; baseline 0.001 -24"><span class='ocrx_word' id='word_1_205' title='bbox 412 4406 461 4455; x_wconf 87' lang='lat' dir='ltr'>tra</span> <span class='ocrx_word' id='word_1_206' title='bbox 475 4392 599 4478; x_wconf 85' lang='lat' dir='ltr'>plenius</span> <span class='ocrx_word' id='word_1_207' title='bbox 615 4407 646 4457; x_wconf 85' lang='lat' dir='ltr'>et</span> <span class='ocrx_word' id='word_1_208' title='bbox 662 4392 789 4477; x_wconf 81' lang='lat' dir='ltr'>planius</span> <span class='ocrx_word' id='word_1_209' title='bbox 806 4392 955 4456; x_wconf 88' lang='lat' dir='ltr'>noverit?</span> <span class='ocrx_word' id='word_1_210' title='bbox 987 4391 1075 4455; x_wconf 85' lang='lat' dir='ltr'>Sicut</span> <span class='ocrx_word' id='word_1_211' title='bbox 1096 4392 1192 4455; x_wconf 85' lang='lat' dir='ltr'>fuerit</span> <span class='ocrx_word' id='word_1_212' title='bbox 1215 4391 1362 4455; x_wconf 85' lang='lat' dir='ltr'>voluntas</span> 
     </span>
     <span class='ocr_line' id='line_1_30' title="bbox 411 4492 1359 4579; baseline 0.004 -25"><span class='ocrx_word' id='word_1_213' title='bbox 411 4492 442 4555; x_wconf 93' lang='lat' dir='ltr'>in</span> <span class='ocrx_word' id='word_1_214' title='bbox 470 4494 560 4571; x_wconf 88' lang='lat' dir='ltr'>coelo,</span> <span class='ocrx_word' id='word_1_215' title='bbox 587 4492 630 4558; x_wconf 89' lang='lat' dir='ltr'>sic</span> <span class='ocrx_word' id='word_1_216' title='bbox 655 4496 720 4560; x_wconf 84' lang='lat' dir='ltr'>fiat.</span> <span class='ocrx_word' id='word_1_217' title='bbox 768 4494 822 4557; x_wconf 87' lang='lat' dir='ltr'>Bis</span> <span class='ocrx_word' id='word_1_218' title='bbox 847 4494 966 4570; x_wconf 87' lang='lat' dir='ltr'>exulat,</span> <span class='ocrx_word' id='word_1_219' title='bbox 990 4493 1047 4579; x_wconf 90' lang='lat' dir='ltr'>qui</span> <span class='ocrx_word' id='word_1_220' title='bbox 1074 4493 1160 4557; x_wconf 89' lang='lat' dir='ltr'>domi</span> <span class='ocrx_word' id='word_1_221' title='bbox 1186 4494 1307 4571; x_wconf 79' lang='lat' dir='ltr'>exulat,</span> <span class='ocrx_word' id='word_1_222' title='bbox 1328 4508 1359 4558; x_wconf 87' lang='lat' dir='ltr'>et</span> 
     </span>
     <span class='ocr_line' id='line_1_31' title="bbox 410 4595 1358 4682; baseline 0.005 -25"><span class='ocrx_word' id='word_1_223' title='bbox 410 4598 646 4680; x_wconf 81' lang='lat' dir='ltr'>peregrinantes</span> <span class='ocrx_word' id='word_1_224' title='bbox 668 4598 840 4673; x_wconf 87' lang='lat' dir='ltr'>interdum,</span> <span class='ocrx_word' id='word_1_225' title='bbox 859 4595 993 4682; x_wconf 82' lang='lat' dir='ltr'>gratiam</span> <span class='ocrx_word' id='word_1_226' title='bbox 1017 4597 1239 4681; x_wconf 68' lang='lat' dir='ltr'>praeordinatae</span> <span class='ocrx_word' id='word_1_227' title='bbox 1261 4598 1358 4669; x_wconf 81' lang='lat' dir='ltr'>felici·</span> 
     </span>
     <span class='ocr_line' id='line_1_32' title="bbox 411 4684 1027 4769; baseline 0.005 -7"><span class='ocrx_word' id='word_1_228' title='bbox 411 4696 483 4762; x_wconf 79' lang='lat' dir='ltr'>tatis</span> <span class='ocrx_word' id='word_1_229' title='bbox 499 4720 559 4769; x_wconf 88' lang='lat' dir='ltr'>non</span> <span class='ocrx_word' id='word_1_230' title='bbox 575 4699 700 4769; x_wconf 83' lang='lat' dir='ltr'>descrit.</span> <span class='ocrx_word' id='word_1_231' title='bbox 1023 4684 1027 4691; x_wconf 34' lang='lat'><strong><em>¹</em></strong></span> 
     </span>
    </p>
   </div>
   <div class='ocr_carea' id='block_1_8' title="bbox 0 0 1654 6434">
    <p class='ocr_par' dir='ltr' id='par_1_8' title="bbox 0 0 1654 6434">
     <span class='ocr_line' id='line_1_33' title="bbox 0 0 1654 6434; baseline 0 4"><span class='ocrx_word' id='word_1_232' title='bbox 0 0 1654 6434; x_wconf 95' lang='lat' dir='ltr'> </span> 
     </span>
    </p>
   </div>
  </div>
 </body>
</html>
