3300 6434
374 1213 438 1275 olo
633 1222 1065 1274 roruursssusssanmusrs
1237 1206 1351 1287 [sn.

375 1402 433 1444 vos
447 1389 480 1446 et
495 1378 661 1445 dominum
674 1377 935 1459 wigorniensem
953 1378 999 1441 sic
1021 1373 1188 1446 habendos
1205 1376 1244 1439 in
1269 1398 1345 1440 om-

377 1484 473 1547 nibns
499 1491 532 1548 et
556 1479 751 1558 tractandos,
766 1488 803 1543 ut
828 1480 983 1563 capitales
1008 1478 1158 1548 inimicos
1182 1478 1293 1564 regni,
1309 1490 1347 1543 et

375 1584 516 1669 publicae
546 1582 656 1647 salutis
685 1583 804 1644 hostes
864 1581 998 1645 Utinam
1028 1600 1127 1644 vanus
1160 1579 1203 1643 sit
1242 1581 1346 1644 timor

380 1687 493 1754 moris!
526 1683 592 1747 Sed
618 1681 776 1766 quicquid
802 1680 948 1766 episcopi
972 1682 1006 1745 in
1028 1680 1249 1765 appellatoriis
1269 1681 1346 1745 suis

379 1808 472 1873 papae
488 1784 529 1850 de
552 1805 591 1849 eo
613 1783 813 1867 scripserint,
827 1782 981 1866 quicquid
1002 1783 1180 1867 prsedicent
1204 1781 1247 1846 de
1268 1783 1343 1870 pie·

381 1899 445 1954 tate
464 1899 498 1951 et
518 1885 763 1954 mansuetudine
781 1885 863 1969 ejus,
877 1884 918 1953 de
934 1883 1062 1973 justitia
1081 1895 1115 1952 et
1135 1885 1350 1964 affabih’tsse,

381 1988 422 2052 de
450 1987 627 2053 reverentia
656 1984 836 2063 sacerdotii,
857 1985 940 2049 nihil
963 1984 1045 2052 adeo
1068 1985 1202 2071 impium
1226 1995 1281 2049 est
1307 1984 1344 2052 in

382 2091 501 2164 Deum,
537 2090 572 2151 in
607 2087 755 2162 homines
791 2086 1011 2165 inhumanum,
1041 2086 1131 2174 quod
1160 2086 1279 2154 Franci
1310 2098 1344 2151 et

382 2192 490 2257 Latini
512 2190 553 2255 de
575 2211 614 2254 eo
637 2190 762 2254 facilius
786 2211 853 2252 non
877 2189 1030 2253 credant:
1057 2188 1143 2254 unde
1162 2187 1343 2273 plurimum

381 2292 535 2358 mirantur
563 2302 595 2354 et
624 2299 754 2372 stupent
779 2309 890 2352 omnes
917 2290 972 2375 qui
998 2287 1143 2366 audiunt,
1168 2310 1234 2374 quo
1259 2310 1343 2354 con-

384 2394 528 2472 scientia,
558 2414 623 2476 qua
658 2390 868 2476 impudentia,
904 2412 968 2475 qua
1000 2391 1104 2457 fronte
1132 2391 1202 2455 ausi
1231 2390 1341 2456 sensns

384 2514 535 2573 asserere,
560 2494 709 2571 scribere,
738 2503 770 2558 et
799 2491 993 2579 episcopalis
1023 2491 1223 2558 auctoritatis
1263 2493 1341 2558 cha·

384 2596 561 2659 racteribus
597 2595 784 2657 confirmare
816 2593 1034 2658 innocentiam
1063 2593 1215 2671 hominis,
1245 2595 1344 2681 cujus

385 2696 551 2780 injustitiae
567 2705 641 2757 suut
656 2694 798 2758 omnium
814 2695 933 2771 sabula,
947 2694 1041 2779 cujus
1061 2696 1342 2781 supplantationes

386 2808 420 2861 et
442 2797 607 2860 violentias
629 2794 767 2857 mundus
790 2796 936 2877 agnovit:
968 2796 1130 2882 quomodo
1151 2797 1186 2860 in
1209 2798 1344 2865 subret-

387 2895 651 2979 sionemjustitiae
668 2895 781 2958 salsum
804 2894 895 2959 dedit
909 2907 957 2961 tot
976 2906 1009 2962 et
1030 2908 1189 2962 tantorum
1211 2907 1342 2981 patrum

387 2997 577 3061 venerabilis
621 2996 810 3059 universitas
848 3018 906 3081 pro
943 2998 1067 3062 malitia
1113 2998 1344 3063 testimonium.

388 3101 473 3162 Nam
496 3099 607 3182 scripti
630 3097 727 3160 vestri
750 3099 846 3161 verba
867 3111 943 3160 sunt
964 3099 1035 3162 haec
1057 3120 1116 3183 pro
1138 3120 1225 3181 rege,
1248 3100 1344 3185 cujus

387 3223 515 3265 causam
526 3201 667 3263 notarius
678 3211 781 3262 vester
786 3198 966 3280 justificare
976 3210 1119 3279 conatur,
1127 3202 1202 3266 Rex
1211 3222 1344 3266 omnem

387 3302 542 3388 promittit
551 3301 719 3386 justitiam,
733 3310 766 3362 et
781 3322 851 3363 eam
871 3302 964 3364 factis
979 3302 1110 3386 implere
1130 3314 1261 3388 paratus
1282 3316 1343 3383 est

388 3415 421 3469 et
436 3404 530 3467 dulce
554 3412 681 3486 reputat
705 3402 905 3486 obsequium,
922 3425 1020 3488 quum
1042 3415 1200 3483 monetur,
1212 3415 1250 3469 ut
1271 3426 1345 3470 cor·

388 3506 481 3586 rigat,
503 3505 530 3568 si
554 3504 631 3589 qnid
654 3503 823 3568 offenderit
845 3506 877 3567 in
902 3506 1019 3581 Deum,
1040 3527 1100 3571 nac
1123 3508 1227 3570 solum
1250 3507 1347 3571 satis·

388 3608 502 3685 facere,
511 3607 568 3671 sed
580 3617 622 3684 et,
631 3607 658 3669 si
664 3606 720 3689 jus
731 3608 850 3690 exigat,
860 3607 893 3669 in
904 3608 965 3671 hoc
976 3608 1130 3673 satisdare
1142 3616 1343 3691 passiusoet.

388 3710 434 3770 Et
447 3719 522 3791 post
536 3730 640 3791 pauca
654 3708 828 3792 subjungit,
843 3707 994 3771 Eundem
1010 3731 1043 3772 se
1052 3709 1180 3793 judicio
1195 3710 1345 3774 ecclesiae

388 3811 424 3871 in
433 3811 484 3870 his
497 3831 568 3891 qnae
579 3821 653 3874 sunt
664 3811 833 3889 Ecclesiae,
841 3832 902 3873 nec
912 3808 947 3873 iu
955 3810 1083 3875 modico
1092 3812 1348 3889 subtrahentem,

391 3910 448 3974 sed
469 3910 554 3973 col-la
576 3907 697 3971 Christi
714 3911 794 3992 jugo
817 3912 1016 3976 subdentem.
1061 3915 1108 3977 Et
1128 3915 1226 3998 paulo
1246 3935 1344 4003 supe·

390 4011 475 4074 rius:
507 4008 682 4073 Domintun
705 4032 811 4092 regem
834 4034 899 4076 non
922 4015 1052 4098 quidem
1074 4037 1248 4102 numquam
1263 4036 1343 4100 pec·

390 4136 480 4180 casse
490 4110 637 4191 dicimus,
646 4113 704 4178 sad
714 4114 856 4178 Domino
868 4120 1350 4202 semperparaturnsatisfacere,

391 4228 424 4281 et
435 4216 637 4281 confidenter
652 4215 800 4295 dicimus,
816 4227 847 4281 et
862 4219 1085 4303 praedicamus.
1129 4222 1169 4300 Ο,
1183 4222 1348 4305 inquiunt,

391 4340 488 4404 quam
518 4339 607 4395 sana,
634 4340 728 4401 quam
758 4330 869 4384 sancta
898 4320 1086 4403 praedicatio
1116 4324 1348 4407 episcoporum

390 4418 536 4502 Angliae!
561 4441 655 4503 quam
672 4421 831 4485 sincerum
847 4433 879 4484 et
892 4422 1110 4506 incorruptum
1121 4446 1181 4510 pno
1195 4427 1347 4494 libertate

391 4522 549 4587 Ecclesiae
560 4521 789 4587 testimonium!
804 4544 901 4608 quam
910 4547 986 4588 vera
995 4537 1044 4589 est
1052 4528 1184 4591 assertio
1194 4528 1346 4593 sacerdo·

391 4636 469 4698 tum,
485 4624 538 4707 qui
553 4622 634 4686 illud
649 4623 828 4705 praedicant
843 4625 931 4708 quod
950 4627 1065 4691 mimus
1079 4639 1135 4691 aut
1149 4629 1259 4694 histrio
1275 4630 1347 4695 sina

394 4725 563 4809 dispendio
578 4725 776 4790 verecundiae
787 4749 852 4789 non
866 4729 1055 4812 loqueretur.
1095 4730 1128 4792 Si
1139 4730 1348 4815 fidemquam

393 4825 570 4888 nonhabet
585 4824 745 4891 desiderat
760 4828 867 4893 scriba
882 4840 985 4893 vester
1006 4830 1252 4912 Loudonicnsis,
1266 4843 1302 4900 et
1322 4837 1351 4900 si
