3300 6434
372 1231 478 1312 llud]
751 1250 928 1296 sorssors.
1257 1236 1316 1296 189

370 1400 504 1465 transire
519 1402 561 1465 ad
577 1403 709 1478 curiam,
725 1402 783 1465 sed
799 1404 875 1485 qnia
895 1403 936 1465 de
948 1412 1034 1465 statu
1049 1412 1151 1464 vestro
1173 1404 1315 1467 incertus

365 1515 414 1564 est
433 1514 465 1566 et
489 1504 656 1580 sollicitus,
678 1502 781 1566 donec
810 1503 1004 1580 certioretur,
1028 1502 1115 1565 domi
1139 1516 1314 1585 exspectat.

367 1603 418 1667 lbi
434 1628 454 1668 a
468 1605 659 1689 quibusdam
685 1626 742 1688 pro
758 1615 845 1667 certo
861 1606 971 1689 accepi
988 1625 1093 1686 regem
1119 1602 1314 1668 Francorum

364 1728 433 1770 esse
460 1706 620 1783 Lauduni,
646 1718 677 1769 et
703 1727 801 1788 prope
829 1728 901 1769 eum
933 1706 1096 1769 dominum
1124 1708 1315 1769 Remeusem

364 1807 435 1889 ejus
450 1819 634 1891 exspectare
650 1808 855 1890 colloquium.
883 1810 951 1871 Eos
967 1830 1042 1889 ergo
1053 1808 1140 1872 adire
1155 1809 1315 1892 proposui.

365 1908 428 1971 Sed
445 1920 574 1991 propter
594 1930 731 1990 guerras,
748 1931 827 1992 quas
842 1931 950 1972 comes
975 1910 1015 1972 de
1038 1911 1181 1972 Rocceio
1206 1921 1239 1972 et
1260 1910 1316 1973 alii

364 2008 493 2092 quidam
508 2031 655 2093 proceres
671 2011 820 2073 adversus
837 2011 1000 2074 dominum
1017 2013 1210 2074 Remensem
1223 2033 1313 2074 exer-

363 2113 490 2188 cebant,
512 2134 531 2174 a
553 2114 716 2196 proposito
743 2125 910 2177 revocatus
936 2114 996 2175 iter
1021 2113 1161 2175 Parisios
1188 2112 1313 2175 deflexi,

363 2212 430 2275 Ubi
466 2235 563 2296 quum
596 2214 736 2277 viderem
772 2215 958 2277 victualium
995 2215 1135 2298 copiam,
1168 2215 1312 2278 laetitiam

363 2316 486 2397 populi,
511 2316 714 2378 reverentiam
742 2317 829 2389 cleri,
855 2326 887 2377 et
910 2316 1007 2378 totius
1031 2316 1176 2379 ecclesie
1202 2316 1316 2399 majes-

363 2427 458 2478 tatem
474 2428 506 2479 et
520 2418 665 2497 gloriam,
677 2428 709 2481 et
728 2418 828 2479 sarias
843 2417 1071 2500 occupationes
1083 2417 1314 2500 philosophan-

363 2518 440 2580 tium
457 2519 617 2582 admirans
636 2522 723 2582 velut
737 2521 823 2582 illam
842 2520 962 2583 scalam
977 2520 1092 2596 Jacob,
1115 2520 1206 2604 cujus
1229 2541 1315 2582 sum·

362 2620 456 2682 mitas
471 2621 589 2683 coelum
604 2622 766 2703 tangebat,
784 2635 916 2703 eratque
933 2622 981 2684 via
996 2620 1260 2684 adscendentium
1282 2632 1315 2684 et

363 2719 624 2785 descendentium
650 2724 847 2803 augelorum,
868 2724 951 2786 laetae
975 2724 1238 2805 peregrinationis
1261 2746 1313 2787 ur·

361 2835 454 2904 gente
470 2825 600 2887 stimulo
616 2835 747 2888 coactus
760 2847 830 2887 sum
846 2825 999 2908 profiteri,
1013 2825 1101 2909 quod
1116 2846 1187 2888 vere
1201 2824 1314 2889 Domi·

360 2945 424 2986 rius
438 2932 485 2987 est
504 2927 540 2986 in
555 2927 618 2988 loco
640 2930 710 3000 isto,
727 2935 757 2989 et
776 2948 832 3009 epo
846 2928 1029 2990 nesciebam.
1077 2926 1165 2991 lllud
1187 2952 1315 3013 quoque

361 3026 522 3107 poeticum
539 3027 578 3089 ad
595 3040 731 3090 mentem
747 3030 858 3092 rediit:

538 3180 615 3234 Felix
627 3180 743 3245 exilium,
755 3182 796 3234 cui
808 3180 879 3233 locus
891 3182 941 3233 iste
953 3182 1037 3235 datur.

405 3332 553 3396 Erolutis
565 3341 670 3395 autem
684 3331 794 3414 paucis
807 3330 923 3394 diebus
934 3332 967 3394 in
980 3331 1194 3395 conducendo
1205 3332 1313 3414 hospi·

321 3449 325 3456 ’
362 3434 418 3507 tio,
431 3444 462 3497 et
477 3434 644 3496 sarcinolis
655 3431 900 3515 componendis,
911 3454 1016 3513 regem
1031 3433 1224 3495 Francorum
1237 3431 1313 3507 adii,

342 3567 345 3571 ⁴
361 3535 455 3617 eique
464 3555 505 3596 ex
516 3534 628 3596 ordine
638 3534 776 3614 exposui
787 3553 917 3594 causam
928 3545 1073 3614 vestram,
1097 3532 1183 3603 Quid
1195 3531 1312 3596 multa?

362 3636 571 3717 compatitur,
586 3630 743 3719 promittit
762 3633 929 3710 auxilium,
944 3644 977 3696 et
991 3653 1050 3716 pro
1070 3634 1162 3697 vobis
1182 3635 1314 3699 domino

362 3756 455 3819 papae
477 3757 511 3798 se
535 3735 700 3818 scripsisse
723 3735 869 3810 asseruit,
884 3748 916 3797 et
937 3735 1063 3811 iterum,
1078 3737 1106 3799 si
1127 3738 1314 3820 oportuerit,

362 3837 562 3921 scripturum,
571 3846 603 3898 et
613 3850 756 3899 acturum
768 3834 855 3917 quod
870 3836 988 3919 poterit
1001 3837 1073 3899 viva
1087 3860 1175 3902 voce.
1205 3840 1312 3911 Quum

360 3960 435 4002 vero
450 3960 522 4002 eum
536 3960 577 4001 ex
592 3952 681 4022 parte
696 3938 771 4001 filiae
786 3960 864 4012 suae,
877 3960 972 4022 quam
988 3961 1090 4024 nuper
1100 3962 1209 4004 sanam
1225 3941 1313 4004 vide-

360 4063 436 4116 ram,
453 4041 582 4126 quaudo
598 4063 617 4104 a
632 4040 763 4104 domina
782 4042 892 4123 regina
906 4042 1066 4105 licentiam
1091 4044 1214 4125 accepi,
1229 4044 1312 4106 salu·

361 4154 487 4220 tassem,
501 4142 666 4227 respondit
680 4142 742 4204 sibi
757 4142 973 4223 gratissimum
987 4163 1067 4217 esse,
1082 4143 1108 4203 si
1123 4142 1178 4204 illa
1186 4141 1256 4224 jam
1271 4142 1312 4204 ab

360 4245 483 4326 angelis
495 4254 624 4326 recepta
635 4254 720 4306 esset
733 4243 767 4305 in
780 4241 942 4304 Paradiso.
973 4241 1036 4304 Cui
1052 4263 1148 4324 quum
1160 4263 1220 4324 ego
1236 4243 1309 4305 sub·

355 4344 534 4426 jungerem,
550 4344 627 4427 quia
641 4342 726 4405 istud
742 4362 800 4424 per
821 4340 1070 4404 misericordiam
1087 4342 1151 4405 Dei
1166 4344 1312 4427 quando·

361 4466 423 4528 que
444 4445 559 4516 veniet,
576 4443 630 4506 sed
654 4454 728 4507 ante
751 4443 859 4505 multis
874 4443 1023 4522 gentibus
1044 4444 1189 4507 laetitiam
1211 4445 1312 4521 dabit,

359 4545 526 4628 respondit
551 4567 628 4608 rexz
663 4544 734 4608 Hoc
759 4544 886 4625 quidem
912 4542 982 4606 Deo
1003 4545 1150 4627 possibile
1174 4553 1232 4622 est,
1258 4549 1315 4611 scd

359 4652 452 4729 lonqe
474 4646 685 4719 uerisimilius,
710 4648 797 4728 quod
817 4647 990 4709 multorum
1003 4651 1128 4730 sutura
1149 4651 1192 4712 ait
1213 4670 1312 4715 causa

360 4754 527 4814 malorum.
565 4751 632 4815 Sed
645 4749 738 4822 absit,
755 4747 795 4811 ab
810 4749 869 4810 illa
884 4748 969 4829 quod
984 4755 1144 4829 patmus
1154 4755 1314 4834 praesayit

357 4855 498 4917 unimus.
526 4855 612 4928 Quia
628 4853 684 4914 oia
697 4849 802 4935 inquit
813 4870 913 4932 spero,
932 4857 969 4913 ur
980 4850 1019 4912 ab
1029 4871 1066 4915 eo
1078 4854 1180 4933 possit
1189 4853 1317 4935 aliquid
