3300 6434
368 1244 542 1324 llas-s]
748 1266 926 1311 aeternas.
1296 1255 1316 1310 ὁ

361 1426 393 1477 et
409 1413 539 1490 tradita,
555 1429 587 1479 et
610 1415 752 1481 chartam
768 1416 949 1481 donationis
964 1415 1102 1501 episcopi
1119 1415 1312 1500 proferebat.

360 1517 521 1579 Praeterea
550 1517 676 1583 dicebat
706 1517 794 1582 litem
828 1517 889 1582 sibi
926 1516 1089 1580 imminere
1126 1537 1221 1601 super
1251 1515 1315 1581 alia

358 1614 488 1679 ecclesia
509 1618 551 1681 ab
572 1619 681 1681 eodem
710 1617 860 1695 Ricardo,
876 1618 934 1703 qui
956 1631 1021 1681 tam
1042 1616 1193 1703 episcopo
1214 1639 1311 1702 quam

358 1715 579 1781 archidiacono
595 1719 760 1804 synodalia
771 1733 803 1784 et
814 1718 970 1805 quosdam
984 1716 1107 1782 reditus
1118 1717 1312 1803 episcopales

358 1816 549 1882 moliebatur
564 1818 707 1883 auferre:
733 1832 765 1883 et
779 1819 822 1884 ob
839 1819 899 1881 boc
913 1819 1019 1906 ipsum
1043 1819 1084 1882 ad
1107 1817 1212 1881 sedem
1236 1841 1312 1903 apo·

356 1915 499 1982 stolicatn
522 1919 707 2005 appellavit,
729 1919 812 1983 diem
838 1919 1006 2005 praefigens
1028 1931 1176 1984 octavum
1192 1919 1310 1984 alesta

356 2013 441 2080 beati
464 2017 610 2084 Andreae.
639 2024 668 2085 E
691 2031 800 2085 contra
820 2020 887 2104 jam
915 2020 1021 2085 dictus
1047 2018 1204 2087 Ricardus
1228 2042 1310 2106 prae·

355 2117 505 2198 bendam,
531 2142 628 2207 quam
659 2142 742 2185 nunc
776 2121 1002 2197 calumniatur,
1034 2118 1067 2184 in
1099 2141 1194 2184 manu
1227 2121 1308 2207 epis

356 2223 428 2308 copi
466 2225 621 2289 refutasse
659 2221 838 2309 respondit,
879 2223 1049 2309 ipsumque
1090 2220 1131 2285 ad
1171 2223 1308 2287 eundem

356 2322 527 2389 terminum
554 2326 597 2389 ad
620 2342 758 2391 vestram
786 2323 982 2390 audientiam
1009 2323 1182 2410 appellavit
1212 2345 1311 2411 super

355 2428 557 2511 pactionibus
573 2425 705 2504 illicitis,
721 2441 752 2492 et
769 2427 851 2489 male
867 2427 1024 2512 acquisito
1039 2424 1309 2503 archidiaconatu,

354 2542 387 2591 et
407 2549 502 2612 super
516 2529 651 2594 introitu
669 2550 765 2615 quem
787 2532 820 2594 in
841 2527 1003 2592 ecclesiam
1027 2528 1067 2591 de
1092 2526 1235 2591 Haltona
1250 2548 1308 2612 per

354 2651 483 2693 manum
521 2632 633 2696 laicam
672 2630 793 2695 dicitur
838 2629 995 2692 babuisse.
1056 2625 1307 2693 Archidiaconus

354 2743 460 2794 tamen
491 2755 586 2818 super
618 2731 760 2817 ejusdem
792 2729 962 2795 donatione
992 2729 1134 2794 ecclesie
1162 2729 1305 2793 chartam

352 2831 492 2917 episcopi
507 2832 703 2917 proferebat.
752 2830 850 2896 Vobis
869 2831 982 2914 itaque
1000 2852 1127 2895 causam
1148 2829 1304 2913 integram

353 2932 597 2997 reservavimus.

555 3167 776 3230 EPISTOLA
801 3168 930 3229 V.-sn
946 3185 1099 3231 ananan.

618 3304 759 3365 Dornino
771 3322 867 3385 pape
885 3303 1040 3364 Adriano.

393 3434 682 3498 Sraruuusranto
692 3446 831 3497 nostram
845 3431 1045 3518 praesentiam
1060 3432 1175 3497 latores
1187 3432 1299 3494 horum

349 3536 402 3599 W.
432 3548 463 3599 et
499 3533 550 3609 R,
581 3555 719 3618 quorum
751 3536 794 3597 R.
824 3534 1031 3618 querebatur,
1063 3533 1150 3617 quod
1185 3546 1303 3597 temere

348 3636 401 3697 W.
425 3657 457 3696 se
486 3633 527 3696 ab
553 3631 687 3697 ecclesia
716 3654 773 3695 sua
798 3631 953 3693 violenter
978 3646 1010 3695 et
1035 3631 1157 3715 absque
1188 3632 1300 3697 ordine

341 3732 513 3818 judiciario
524 3734 711 3820 expulisset,
725 3756 781 3818 per
793 3743 997 3817 potentatum
1010 3730 1136 3797 comitis
1147 3733 1299 3810 Simonis,

346 3833 379 3895 in
394 3835 488 3918 cujus
503 3835 685 3898 ulteriorem
709 3832 957 3896 familiaritatem
980 3836 1021 3898 R.
1044 3831 1211 3899 dicebatur
1225 3858 1299 3922 pro-

346 3949 462 4011 motus,
488 3956 591 4021 neque
614 3936 672 3997 hac
696 3933 866 4019 iniquitate
891 3948 1070 4012 contentus,
1096 3936 1298 4019 postmodum

345 4058 403 4119 per
417 4034 604 4101 temeritatis
620 4059 685 4099 suae
701 4033 840 4100 fautores
854 4034 993 4097 cundem
1014 4036 1240 4122 presbyterum
1264 4037 1297 4100 in

344 4135 473 4202 alterius
504 4138 646 4202 ecclesiae
675 4160 742 4201 suae
771 4136 957 4201 coemeterio
982 4136 1107 4200 invasit.
1162 4136 1298 4204 Eductis

343 4237 453 4326 itaque
467 4239 622 4304 sociorum
638 4238 763 4321 gladiis,
780 4239 943 4324 tensisque
965 4239 1104 4302 arcubus
1118 4253 1151 4303 et
1167 4242 1296 4325 paratis,

344 4338 476 4426 ipsemet
503 4341 535 4403 in
561 4361 660 4403 manu
683 4341 823 4403 lanceam
852 4352 979 4422 gestans
1005 4361 1111 4402 necem
1138 4357 1295 4405 maturam

343 4442 608 4522 comminabatur,
624 4439 683 4503 nisi
707 4439 917 4504 incontinenti
938 4438 1035 4503 fidem
1056 4440 1147 4505 daret
1169 4463 1202 4504 se
1222 4454 1297 4507 ante

344 4543 601 4608 archidiaconum
619 4554 801 4617 venturum,
817 4539 926 4625 ibique
950 4551 1134 4603 memoratae
1156 4542 1296 4608 ecclesiae

343 4644 615 4711 renunciaturum.
661 4644 858 4709 Sacramenti
874 4641 985 4727 itaque
998 4642 1172 4708 reverentia
1187 4659 1296 4710 tentus

343 4770 484 4812 necnon
508 4758 540 4810 et
560 4744 797 4831 impressionem
821 4742 993 4809 adversarii
1020 4743 1168 4828 potentis,
1198 4767 1293 4833 quem

342 4873 405 4914 aron
428 4859 551 4934 poterat
575 4848 634 4913 nisi
657 4871 729 4912 eum
752 4847 855 4932 patria
874 4846 1026 4930 effugere,
1042 4856 1196 4926 metuens,
1213 4850 1296 4914 sicut
