3300 6434
349 1228 543 1308 1159—64.]
730 1244 910 1289 sersrosn.
1233 1231 1290 1291 ltl

347 1421 421 1462 vero
442 1397 580 1462 maxime
604 1418 686 1460 verae
709 1394 857 1459 amicitiae
878 1395 971 1459 fidem
996 1417 1175 1480 agnoscam,
1197 1398 1223 1463 si
1246 1420 1297 1461 me

348 1500 392 1564 sic
412 1499 490 1564 milri
506 1498 720 1574 reddideritis,
742 1511 778 1560 ut
794 1496 883 1561 viciis
903 1519 965 1559 non
982 1512 1142 1583 parcatur,
1157 1514 1190 1565 et
1207 1513 1241 1564 ut
1257 1499 1298 1564 de

346 1616 462 1667 caetero
488 1616 642 1665 necentur
664 1599 790 1663 cautius
814 1600 964 1664 statuatis
989 1623 1027 1664 ea
1052 1616 1162 1666 contra
1185 1603 1296 1666 faciem

346 1726 461 1780 meam,
482 1728 521 1767 ne
544 1704 576 1766 in
598 1725 634 1765 eo
654 1701 795 1766 deterius
815 1723 939 1787 semper
957 1701 1026 1766 aliis
1050 1702 1244 1789 displiceam,
1265 1703 1298 1766 in

345 1826 410 1891 quo
425 1806 502 1869 mihi
518 1827 648 1891 quoque
664 1826 725 1867 non
741 1826 861 1868 novero
875 1804 1051 1890 displicere.

367 2045 588 2108 EPISTOLA
611 2045 802 2109 XCV.-au
816 2064 1003 2108 nostratuum
1020 2063 1122 2107 ar1sc.
1140 2062 1272 2107 sanssn.

531 2179 693 2242 Joaselino
707 2180 851 2260 episcopo
866 2177 1112 2243 saresberiensi.

392 2307 549 2370 Faernus
582 2304 771 2391 Hospitalis,
801 2326 886 2367 novo
918 2302 1058 2390 quodam
1088 2317 1120 2368 et
1153 2302 1299 2369 inaudito

349 2407 559 2472 humanitatis
582 2406 688 2483 titulo,
710 2420 745 2471 ut
768 2407 910 2492 privatas
932 2404 1051 2471 faciant
1073 2405 1297 2490 eleemosynas

348 2509 522 2574 calumnias
533 2510 682 2595 ingerunt
696 2509 887 2583 manifestas,
900 2508 1027 2594 rapiunt
1043 2521 1078 2572 ut
1091 2507 1297 2587 distribuant,

347 2611 388 2674 de
417 2610 520 2675 alieno
548 2610 675 2696 placant
708 2609 920 2685 Altissimum,
947 2622 979 2673 et
1010 2611 1042 2672 in
1073 2608 1297 2674 contumeliam

344 2712 559 2799 apostolorum
585 2712 706 2796 ligandi
733 2725 764 2777 et
790 2711 933 2776 solvendi
964 2724 1121 2798 usurpant
1145 2711 1298 2791 officium,

343 2828 501 2900 usurpant
516 2814 620 2879 claves
635 2814 785 2892 ecclesiae,
803 2814 992 2879 liberalitate
1016 2814 1203 2900 pontificum
1219 2814 1297 2878 abu-

343 2931 459 2992 tentes,
488 2916 644 2991 ecclesias,
671 2940 752 3002 quas
783 2916 877 2980 semel
908 2916 1149 3003 occupaverint,
1175 2918 1298 3002 episco-

345 3040 458 3103 porum
475 3016 668 3082 subtrahunt
691 3018 854 3102 potestati,
869 3040 1005 3104 quorum
1027 3017 1177 3082 nituntur
1191 3032 1296 3104 potes-

347 3132 425 3197 tate,
448 3118 497 3182 vel
521 3119 723 3194 auctoritate,
746 3120 771 3183 si
793 3119 931 3203 aliquem
956 3119 1195 3205 provincialium
1223 3144 1296 3185 con-

344 3222 449 3286 venire
465 3220 632 3287 voluerint.
678 3222 711 3286 Si
729 3245 802 3286 vero
820 3222 1049 3287 conveniantur
1063 3222 1104 3285 ab
1119 3221 1193 3299 alio,
1210 3224 1293 3286 Pon·

345 3323 470 3389 tilicalis
490 3324 661 3390 auctoritas
680 3328 849 3402 evanescit,
864 3347 965 3410 quum
988 3336 1129 3388 asserant
1144 3346 1176 3387 se
1191 3323 1295 3387 forum

345 3449 406 3490 non
431 3426 548 3489 habere
574 3426 634 3492 nisi
662 3428 855 3506 Romanum,
879 3427 929 3489 rel
955 3423 1295 3510 Hierosolymitanum.

344 3528 441 3594 Unde
464 3527 653 3591 sublimitati
676 3543 788 3592 vestrae
809 3525 1037 3589 consulendum
1059 3538 1091 3589 et
1113 3523 1295 3609 supplican-

343 3627 421 3692 dum
445 3629 580 3703 decrevi,
597 3651 636 3692 ne
657 3629 786 3692 malitiae
804 3649 924 3702 eorum,
948 3647 1044 3712 quam
1065 3639 1224 3705 exercent,
1238 3626 1296 3691 ad·

344 3752 456 3793 versus
478 3730 609 3793 latorem
632 3730 849 3815 proesentium,
873 3727 1021 3792 clericum
1044 3741 1077 3793 et
1100 3728 1293 3794 sacerdotem

343 3844 497 3911 restrum,
511 3829 718 3915 indulgeatis:
742 3853 842 3916 quum
864 3852 959 3894 causa
979 3851 1089 3897 eorum
1106 3831 1207 3917 magis
1227 3854 1295 3897 ves·

343 3948 424 3998 tram
439 3933 552 3998 laedere
562 3931 893 4009 videaturecclesiam,
906 3956 1003 4019 quam
1013 3934 1107 4000 istius
1116 3956 1294 4019 personam.

343 4038 476 4103 Omnem
492 4037 574 4100 enim
599 4035 760 4100 ecclesiam
777 4060 874 4122 quam
894 4035 939 4099 eis
962 4035 1188 4111 concesseritis,
1206 4036 1295 4099 vobis

343 4154 375 4205 et
390 4139 621 4205 successoribus
637 4140 749 4205 vestris
764 4140 926 4204 auferetis.

426 4384 647 4447 EPISTOLA
670 4384 879 4447 XCVb—sn
895 4402 1033 4446 aurnum
1048 4400 1207 4445 assessor

590 4500 796 4546 cantassent.
826 4484 870 4563 [s.
887 4502 918 4546 n.
938 4483 1045 4563 trau]

673 4615 786 4678 Abbati
807 4616 953 4679 Cellenai.

387 4754 556 4815 errstms
569 4748 779 4814 beatitudinis
789 4763 901 4815 restrae
911 4750 988 4814 mibi
999 4750 1080 4814 lator
1090 4752 1293 4837 prasentium

342 4853 462 4932 attulit,
494 4854 548 4917 sed
578 4852 654 4939 ipsis
680 4853 881 4918 Pascbalium
913 4853 1061 4918 solenniis
1086 4853 1293 4922 feriaverunt.
