3300 6434
355 1218 546 1297 llas-61.]
753 1233 933 1279 srrsrosss.
1260 1216 1303 1277 79

352 1384 439 1469 quod
451 1385 584 1448 thronus
596 1396 699 1448 vester
709 1383 1091 1471 benedictioneperpetua
1100 1382 1303 1461 solidabitur,

349 1497 381 1548 et
397 1484 485 1569 quod
501 1484 557 1549 filii
573 1483 681 1559 vestri,
697 1496 729 1547 et
744 1483 802 1546 filii
817 1483 956 1546 filiorum
973 1482 1086 1546 solium
1102 1487 1203 1567 regni,
1216 1485 1304 1569 quod

351 1585 445 1648 abeo
461 1584 637 1669 accepistis,
654 1598 686 1650 et
701 1584 821 1648 salubri
837 1584 1110 1649 administratione
1125 1584 1305 1668 disponitis,

350 1686 485 1751 feliciter
499 1687 745 1762 haereditabunt,
769 1710 870 1772 quum
894 1687 926 1749 in
948 1686 1085 1751 subditis
1106 1688 1221 1751 vestris
1236 1701 1307 1753 tan·

351 1800 428 1864 tam,
451 1787 519 1873 ipso
541 1789 693 1872 propitio,
709 1789 922 1852 invenerimus
944 1788 1121 1852 concordiae
1137 1788 1304 1868 unitatem,

350 1899 388 1949 ut
404 1886 497 1950 iidem
514 1911 623 1951 eorum
640 1890 672 1952 in
688 1902 780 1975 petra
794 1889 933 1953 ecclesiae
949 1889 1114 1954 solidatam
1131 1913 1209 1969 esse,
1224 1891 1303 1955 fide-

350 1985 477 2052 lissimis
505 2002 536 2053 et
567 1991 820 2054 manifestissmis
850 2005 972 2056 constet
1004 1991 1140 2056 indiciis.
1194 1993 1302 2067 Quum

351 2089 432 2153 enim
441 2113 482 2154 ex
489 2091 641 2155 mandato
648 2105 752 2155 vestro
764 2090 942 2176 Anglorum
954 2092 1149 2156 convenisset
1162 2092 1303 2172 ecclesia,

351 2192 513 2275 proposita
542 2204 589 2255 est
612 2192 644 2254 in
670 2192 801 2255 auribus
828 2192 1008 2278 sapientum
1033 2190 1181 2279 quaestio,
1208 2216 1304 2278 super

353 2314 417 2376 qua
442 2292 516 2356 fidei
547 2304 661 2357 vestrae
691 2291 865 2373 sinceritas,
896 2306 931 2356 ut
955 2293 1111 2378 oportuit,
1136 2292 1305 2379 optimates

348 2392 438 2477 regni
454 2393 546 2457 vestri
568 2393 700 2479 dignata
714 2407 761 2457 est
782 2393 973 2459 consultare.
1019 2397 1116 2459 Lecta
1138 2407 1210 2459 sunt
1231 2395 1305 2460 binc

350 2493 426 2558 inde
442 2493 580 2579 plurima
601 2493 719 2578 quibus
734 2515 809 2578 pars
829 2497 984 2558 alterutra
1003 2494 1190 2559 sententiam
1215 2515 1304 2559 suam

350 2596 433 2659 tueri
449 2606 585 2681 poterat,
603 2593 651 2658 vel
667 2616 812 2660 errorem.
839 2595 964 2659 Deinde
979 2595 1010 2658 in
1026 2595 1165 2660 medium
1182 2595 1306 2682 prolata

349 2709 396 2761 est
418 2717 528 2760 norma
550 2695 637 2772 fidei,
653 2696 765 2780 regula
786 2695 1001 2781 gerendorum
1023 2720 1096 2783 quae
1118 2698 1151 2760 in
1172 2710 1302 2783 patrum

349 2798 563 2864 sanctionibus
589 2798 760 2876 invenitur,
781 2810 817 2863 ut
841 2799 885 2863 sie
907 2798 1115 2863 innotesceret
1138 2798 1304 2874 universis,

351 2900 454 2963 utrius
468 2922 572 2963 causae
587 2899 683 2964 facies
698 2899 726 2962 ei
742 2900 939 2965 commodius
959 2914 1064 2984 posset
1081 2900 1196 2985 aptari,
1210 2900 1304 2964 adeo-

349 3023 413 3085 que
427 3000 621 3085 propitiante
633 3019 724 3086 patre
738 3002 1036 3079 misericordiarum,
1045 3023 1226 3087 processum
1243 3015 1303 3076 est,

350 3115 387 3165 ut
401 3123 441 3163 ex
457 3102 681 3167 assertionibus
695 3105 833 3189 partium
850 3103 966 3168 veritas
988 3102 1138 3183 eluceret,
1153 3092 1255 3188 quum
1271 3118 1304 3168 et

348 3216 444 3267 testes
458 3203 499 3266 ab
511 3202 670 3289 insperato
685 3203 902 3289 procedentes,
914 3204 1001 3289 apud
1014 3226 1070 3267 nos
1085 3226 1210 3268 causam
1223 3203 1305 3266 veri-

349 3304 425 3367 tatis
441 3304 662 3383 instruxerint,
674 3319 705 3369 et
722 3304 859 3369 nefanda
870 3304 1060 3371 schismatici
1074 3328 1170 3390 opera
1186 3325 1305 3388 praeeo-

348 3419 442 3470 naute
457 3406 542 3469 sama
557 3404 809 3491 publicarentur.
842 3411 968 3493 ltaque,
986 3406 1157 3469 secundum
1177 3426 1304 3490 eaquae

350 3506 514 3593 proposita
536 3520 621 3583 sunt,
645 3529 706 3570 non
725 3508 855 3593 quidem
873 3508 1054 3592 judicatum
1071 3518 1130 3583 est,
1145 3502 1223 3589 quia
1247 3526 1304 3567 nec

347 3606 451 3686 licuit,
473 3628 535 3668 non
560 3618 716 3669 statutum
744 3605 867 3690 aliquid
893 3606 926 3668 in
955 3603 1179 3690 praejudicium
1206 3598 1305 3689 regie

348 3705 534 3791 majestatis,
555 3708 631 3789 quia
653 3728 710 3768 nec
731 3705 865 3768 debuit:
889 3704 956 3784 sed,
980 3703 1067 3789 quod
1090 3702 1192 3779 licuit,
1215 3705 1303 3788 quod

347 3805 472 3882 debuit,
497 3805 583 3892 quod
609 3804 712 3890 jussio
742 3805 917 3892 majestatis
941 3817 1054 3869 vestrae
1084 3809 1203 3891 exegit,
1228 3829 1304 3872 con-

349 3909 467 3986 silium,
492 3907 630 3972 Domino
653 3919 732 3971 teste
748 3918 779 3970 et
797 3907 919 3992 judice,
942 3909 1114 3973 formatum
1138 3923 1197 3985 est,
1214 3910 1300 3997 quod

347 4008 451 4074 fidelis
478 4008 649 4096 prudentia
675 4007 879 4072 subditorum
910 4032 985 4073 vero
1014 4007 1150 4095 principi
1179 4010 1301 4074 dictare

345 4111 498 4175 debuerat
521 4132 583 4173 nou
608 4122 737 4193 rogata:
770 4107 850 4171 illud
875 4133 1001 4195 quoque
1022 4123 1059 4173 ut
1082 4110 1196 4193 prima,
1218 4111 1302 4173 sicut

340 4211 466 4295 justum
493 4226 552 4290 est,
577 4213 665 4274 robis
692 4210 794 4292 gratia
821 4208 986 4287 debeatur,
1012 4222 1044 4272 et
1069 4210 1174 4293 operis
1199 4212 1301 4295 gloria

345 4312 565 4386 crrnsummati‚
578 4326 674 4396 prout
688 4308 895 4393 praecepistis,
907 4309 973 4373 sine
988 4309 1073 4372 omni
1085 4309 1301 4395 publicatione

346 4413 377 4475 in
405 4412 494 4475 libris
520 4409 718 4473 conscientia*
746 4406 862 4492 signari
889 4408 1031 4482 fecimus,
1058 4432 1139 4492 quos
1167 4411 1255 4475 vobis
1281 4436 1300 4476 a

346 4512 500 4576 latoribus
524 4509 727 4596 praesentium
759 4507 912 4592 magistro
940 4509 1175 4573 Bartholomaeo
1197 4513 1299 4577 archi-

345 4615 489 4692 diacono,
503 4627 535 4678 et
557 4612 718 4677 Willelmo
739 4610 779 4673 de
800 4614 865 4674 Ver
885 4610 1047 4693 capellano
1068 4621 1186 4690 nostro,
1203 4615 1300 4700 jussi-

344 4739 414 4782 mus
429 4717 554 4804 aperiri.
584 4716 666 4778 Nam
685 4713 859 4800 praedictus
879 4712 1119 4779 archidiaconus
1139 4716 1299 4781 scrutiniis

343 4836 375 4885 et
390 4818 671 4884 deliberationibus
686 4814 830 4880 interfuit
844 4814 1009 4891 universis,
1022 4829 1054 4880 et
1070 4829 1143 4880 vota
1159 4818 1297 4902 ungulo-
