3300 6434
436 1286 499 1344 224
692 1293 829 1340 roarurs
843 1292 1123 1340 sanusuarurusrs
1296 1274 1342 1353 [A.
1358 1294 1389 1337 u.

436 1462 491 1514 aut
499 1448 803 1531 archiepiscopatur,
813 1458 847 1511 ut
857 1446 966 1524 credo,
975 1457 1030 1510 aut
1038 1446 1304 1529 archiepiscopari
1314 1465 1393 1508 con-

438 1546 1392 1631 tendit,utaemulimentiuntur,penitusretorquendaest,qni

438 1649 1394 1736 regemtunoadomniaproarbitrioimpellebat,ethaecsicut

439 1755 502 1819 alia
523 1756 624 1818 multa
638 1757 723 1817 mala
736 1753 876 1817 induxit.
925 1751 1021 1824 Quod
1036 1751 1096 1815 etsi
1118 1772 1178 1834 ego
1194 1752 1307 1814 salsum
1322 1770 1393 1813 esse

439 1855 593 1927 noverim,
615 1864 726 1935 utpote
749 1851 804 1935 qui
820 1871 893 1914 eum
918 1850 984 1913 scio
1001 1861 1077 1913 tunc
1095 1870 1158 1911 non
1174 1849 1393 1911 auctoritatem

441 1954 625 2037 praestitisse
646 1953 773 2016 libidini
794 1951 852 2015 sed
872 1950 1180 2016 obsecundationem
1199 1951 1394 2028 necessitati,

441 2068 548 2118 tamen
578 2056 655 2139 quia
684 2076 756 2117 enm
788 2056 968 2117 ministrum
998 2052 1175 2136 iniquitatis
1199 2052 1297 2115 fuisse
1327 2072 1394 2114 non

442 2157 582 2238 ambigo,
591 2157 662 2241 jure
678 2158 800 2242 optimo
815 2157 920 2221 taliter
933 2154 1066 2219 arbitror
1079 2154 1290 2239 puniendum,
1305 2167 1341 2216 ut
1355 2176 1393 2217 eo

442 2260 643 2342 potissimum
652 2259 802 2342 puniatur
812 2268 953 2330 auctore,
964 2277 1058 2339 quem
1075 2256 1108 2317 in
1125 2256 1242 2317 talibus
1253 2254 1394 2317 Domino

442 2361 600 2423 bonorum
621 2360 763 2422 omnium
788 2359 911 2422 auctori
934 2357 1131 2441 praeferebat,
1153 2356 1246 2439 eique
1264 2355 1306 2419 sit
1326 2358 1394 2420 vice

444 2481 536 2523 versa
559 2460 593 2523 in
623 2481 764 2543 poenam,
794 2481 889 2544 quem
920 2460 1059 2522 habebat
1084 2469 1117 2520 et
1145 2456 1300 2520 laudabat
1329 2479 1395 2521 suar

443 2561 660 2644 perversitatis
675 2575 847 2625 auctorem.
892 2561 976 2624 Nam
996 2559 1029 2622 in
1049 2560 1237 2642 sapientium
1253 2558 1349 2623 corde
1364 2569 1397 2623 ct

444 2682 498 2725 ore
528 2664 653 2725 celebre
675 2673 725 2725 est
750 2662 831 2725 illud
856 2662 1041 2746 Sapientiae,
1063 2663 1216 2746 quoniam
1243 2683 1305 2744 per
1327 2682 1396 2744 quc

442 2770 557 2845 peccat
578 2764 661 2848 quis,
684 2784 743 2844 per
759 2766 825 2826 hcc
840 2772 870 2825 et
892 2765 1043 2845 punitur·
1088 2763 1142 2828 Sic
1164 2763 1256 2826 Caim
1275 2763 1397 2845 primus

445 2863 610 2928 homicida
628 2865 754 2927 occisus
774 2874 838 2941 est;
862 2864 1026 2929 Chanaam
1045 2866 1226 2928 servitutem
1246 2863 1400 2944 ingerens

446 2964 529 3041 aliis,
548 2977 702 3049 perpetua
724 2967 871 3030 serritute
893 2967 1076 3043 damnatur;
1102 2967 1227 3030 Pharao
1248 2966 1282 3028 in
1305 2966 1397 3047 aquis

446 3068 629 3132 submersus
649 3079 699 3132 est
722 3090 795 3133 cum
820 3079 987 3153 potentatu
1008 3090 1079 3147 suo,
1099 3070 1217 3152 quibus
1240 3069 1398 3132 Hebraeos

447 3171 661 3233 submerserat
690 3171 893 3234 innocentes.
944 3170 1060 3234 Patent
1088 3171 1121 3233 in
1149 3171 1236 3235 hunc
1267 3171 1398 3234 modum

447 3269 700 3352 quamplurima;
737 3269 795 3333 sed
824 3284 904 3347 esto,
932 3292 1018 3334 nunc
1055 3271 1277 3354 poenitentiam
1313 3271 1396 3352 agit:

449 3368 593 3451 agnoscit
603 3378 647 3446 et,
659 3369 831 3432 confitetur
845 3371 984 3453 culpam,
999 3382 1042 3447 et,
1054 3371 1079 3433 si
1096 3391 1168 3434 cum
1185 3372 1283 3435 Sanlo
1299 3391 1401 3454 quan-

449 3472 554 3555 doque
570 3471 738 3535 ccclesiam
755 3470 965 3556 impugnavit,
978 3494 1066 3536 nuuc
1081 3493 1140 3556 pro
1156 3494 1282 3537 cacum
1298 3474 1398 3537 Paulo

449 3594 568 3657 ponere
583 3584 712 3656 paratus
728 3587 776 3636 est
791 3586 824 3636 et
839 3573 977 3636 animam
994 3594 1094 3637 suam.

494 3674 574 3746 Quis
597 3696 671 3756 ergo
691 3677 820 3756 negabit
835 3674 994 3759 judicium
1011 3676 1079 3760 jam
1101 3678 1239 3762 coepisse
1262 3698 1282 3738 a
1303 3674 1399 3737 domo

452 3775 597 3852 Domini,
611 3796 709 3858 quum
727 3776 794 3861 jam
811 3776 972 3860 principes
986 3778 1101 3863 populi
1114 3779 1148 3840 in
1164 3777 1316 3862 patibulis
1331 3797 1401 3839 sus-

451 3874 632 3955 pendantur
656 3875 697 3938 ad
727 3880 827 3940 solem
855 3889 891 3941 ut
915 3879 1041 3963 justitia
1069 3880 1133 3942 Dei
1162 3880 1195 3942 in
1226 3887 1402 3961 conspectu

452 3973 594 4056 gentium
623 3978 801 4041 reveletur?
841 3978 958 4043 Nonne
983 3980 1069 4043 enim
1099 3981 1261 4064 principes
1289 3979 1403 4064 populi

451 4086 527 4139 sunt
541 4074 575 4136 hi
591 4074 665 4150 duo,
682 4099 815 4161 quorum
831 4083 912 4143 alter
933 4080 1097 4162 dispensat
1118 4081 1308 4162 spiritualia,
1324 4082 1404 4142 alte‘r

451 4178 639 4261 temporalia
654 4178 864 4245 administrat.
906 4183 1021 4243 Nonne
1035 4182 1089 4244 lex
1105 4179 1354 4263 dispensationis
1369 4193 1403 4242 et

454 4280 619 4343 ministerii
641 4280 748 4365 hujus,
763 4281 912 4347 manibus
926 4283 1057 4347 istorum
1072 4281 1236 4346 tractanda
1257 4282 1404 4344 commit·

453 4381 552 4445 titur?
585 4380 631 4444 Hi
646 4383 731 4444 enim
747 4395 821 4447 sunt
836 4384 900 4448 duo
916 4379 1100 4460 Cherubim,
1114 4403 1247 4468 quornm
1271 4383 1330 4445 alis
1347 4384 1405 4445 lex

454 4492 486 4545 et
507 4482 761 4564 propitiatorium
777 4483 993 4563 adumbratur,
1009 4507 1043 4549 se
1065 4498 1175 4548 mutuo
1192 4483 1406 4567 respicientia,

455 4584 553 4646 versis
575 4593 682 4645 tamen
700 4584 839 4646 vultibus
853 4585 886 4647 in
911 4586 1176 4670 propitiatorium,
1193 4587 1267 4671 quia
1281 4586 1327 4648 sic
1343 4585 1406 4648 sibi

454 4684 592 4747 invicem
613 4684 733 4748 debent
748 4697 881 4769 aspectu
895 4702 1005 4751 mutuo
1025 4690 1236 4772 complacere,
1250 4701 1286 4751 ut
1301 4688 1406 4766 legem

457 4785 559 4847 Deiin
571 4788 789 4870 arcapectoris
795 4787 917 4871 jugiter
925 4789 1406 4874 inspiciantetreuerentur,uec

458 4904 514 4964 pro
530 4906 575 4962 se,
590 4886 630 4949 ad
645 4888 792 4965 invicem,
808 4891 850 4952 ob
865 4890 961 4954 aliam
977 4914 1106 4957 causam
1124 4894 1304 4970 admittant,
1319 4890 1405 4957 uude
