<?xml version="1.0" encoding="UTF-8"?>
<!DOCTYPE html PUBLIC "-//W3C//DTD XHTML 1.0 Transitional//EN"
    "http://www.w3.org/TR/xhtml1/DTD/xhtml1-transitional.dtd">
<html xmlns="http://www.w3.org/1999/xhtml" xml:lang="en" lang="en">
 <head>
  <title>
</title>
<meta http-equiv="Content-Type" content="text/html;charset=utf-8" />
  <meta name='ocr-system' content='tesseract 3.04.00' />
  <meta name='ocr-capabilities' content='ocr_page ocr_carea ocr_par ocr_line ocrx_word'/>
</head>
<body>
  <div class='ocr_page' id='page_1' title='image "./joannissaresber14johngoog_0279.png"; bbox 0 0 3300 6434; ppageno 0'>
   <div class='ocr_carea' id='block_1_1' title="bbox 307 1208 1255 1287">
    <p class='ocr_par' dir='ltr' id='par_1_1' title="bbox 307 1208 1255 1287">
     <span class='ocr_line' id='line_1_1' title="bbox 307 1208 1255 1287; baseline -0.003 -16"><span class='ocrx_word' id='word_1_1' title='bbox 307 1208 416 1287; x_wconf 75' lang='lat' dir='ltr'><strong>lisa]</strong></span> <span class='ocrx_word' id='word_1_2' title='bbox 482 1259 484 1264; x_wconf 93' lang='lat'><strong>.</strong></span> <span class='ocrx_word' id='word_1_3' title='bbox 691 1223 870 1272; x_wconf 75' lang='lat' dir='ltr'><strong>srrsrots.</strong></span> <span class='ocrx_word' id='word_1_4' title='bbox 1192 1211 1255 1271; x_wconf 69' lang='lat'><strong>269</strong></span> 
     </span>
    </p>
   </div>
   <div class='ocr_carea' id='block_1_2' title="bbox 300 1374 1260 4774">
    <p class='ocr_par' dir='ltr' id='par_1_2' title="bbox 300 1374 1260 4774">
     <span class='ocr_line' id='line_1_2' title="bbox 304 1374 1254 1457; baseline 0.002 -17"><span class='ocrx_word' id='word_1_5' title='bbox 304 1376 426 1453; x_wconf 87' lang='lat' dir='ltr'><strong>dubito,</strong></span> <span class='ocrx_word' id='word_1_6' title='bbox 444 1387 476 1443; x_wconf 90' lang='lat' dir='ltr'><strong>et</strong></span> <span class='ocrx_word' id='word_1_7' title='bbox 492 1379 653 1441; x_wconf 90' lang='lat' dir='ltr'><strong>sinistrum</strong></span> <span class='ocrx_word' id='word_1_8' title='bbox 676 1374 716 1439; x_wconf 90' lang='lat' dir='ltr'><strong>ad</strong></span> <span class='ocrx_word' id='word_1_9' title='bbox 739 1375 862 1441; x_wconf 90' lang='lat' dir='ltr'><strong>caduca</strong></span> <span class='ocrx_word' id='word_1_10' title='bbox 884 1388 917 1440; x_wconf 87' lang='lat' dir='ltr'><strong>et</strong></span> <span class='ocrx_word' id='word_1_11' title='bbox 942 1377 1140 1457; x_wconf 89' lang='lat' dir='ltr'><strong>temporalia,</strong></span> <span class='ocrx_word' id='word_1_12' title='bbox 1155 1389 1188 1441; x_wconf 87' lang='lat' dir='ltr'><strong>et</strong></span> <span class='ocrx_word' id='word_1_13' title='bbox 1213 1377 1254 1441; x_wconf 88' lang='lat' dir='ltr'><strong>ad</strong></span> 
     </span>
     <span class='ocr_line' id='line_1_3' title="bbox 305 1475 1255 1556; baseline -0.001 -15"><span class='ocrx_word' id='word_1_14' title='bbox 305 1492 499 1543; x_wconf 83' lang='lat' dir='ltr'><strong>momentum</strong></span> <span class='ocrx_word' id='word_1_15' title='bbox 523 1475 696 1543; x_wconf 86' lang='lat' dir='ltr'><strong>defluentia</strong></span> <span class='ocrx_word' id='word_1_16' title='bbox 718 1477 876 1541; x_wconf 89' lang='lat' dir='ltr'><strong>inclinari.</strong></span> <span class='ocrx_word' id='word_1_17' title='bbox 926 1477 978 1541; x_wconf 87' lang='lat' dir='ltr'><strong>Illi</strong></span> <span class='ocrx_word' id='word_1_18' title='bbox 1003 1476 1175 1556; x_wconf 82' lang='lat' dir='ltr'>benignius</span> <span class='ocrx_word' id='word_1_19' title='bbox 1200 1478 1255 1542; x_wconf 91' lang='lat' dir='ltr'><strong>ad-</strong></span> 
     </span>
     <span class='ocr_line' id='line_1_4' title="bbox 303 1576 1255 1661; baseline -0.001 -19"><span class='ocrx_word' id='word_1_20' title='bbox 303 1581 392 1643; x_wconf 88' lang='lat' dir='ltr'><strong>missi</strong></span> <span class='ocrx_word' id='word_1_21' title='bbox 408 1590 495 1654; x_wconf 89' lang='lat' dir='ltr'><strong>sunt,</strong></span> <span class='ocrx_word' id='word_1_22' title='bbox 511 1590 542 1642; x_wconf 91' lang='lat' dir='ltr'><strong>et</strong></span> <span class='ocrx_word' id='word_1_23' title='bbox 563 1579 704 1641; x_wconf 91' lang='lat' dir='ltr'><strong>Domino</strong></span> <span class='ocrx_word' id='word_1_24' title='bbox 725 1588 867 1654; x_wconf 88' lang='lat' dir='ltr'><strong>auctore,</strong></span> <span class='ocrx_word' id='word_1_25' title='bbox 882 1586 1034 1661; x_wconf 88' lang='lat' dir='ltr'><strong>poterunt</strong></span> <span class='ocrx_word' id='word_1_26' title='bbox 1048 1576 1080 1638; x_wconf 90' lang='lat' dir='ltr'><strong>in</strong></span> <span class='ocrx_word' id='word_1_27' title='bbox 1096 1577 1172 1639; x_wconf 88' lang='lat' dir='ltr'><strong>fidei</strong></span> <span class='ocrx_word' id='word_1_28' title='bbox 1189 1599 1255 1641; x_wconf 75' lang='lat' dir='ltr'><strong>suaa</strong></span> 
     </span>
     <span class='ocr_line' id='line_1_5' title="bbox 305 1677 1255 1764; baseline -0.002 -21"><span class='ocrx_word' id='word_1_29' title='bbox 305 1680 487 1744; x_wconf 82' lang='lat' dir='ltr'><strong>sinceritate</strong></span> <span class='ocrx_word' id='word_1_30' title='bbox 504 1679 628 1743; x_wconf 87' lang='lat' dir='ltr'><strong>salvari.</strong></span> <span class='ocrx_word' id='word_1_31' title='bbox 674 1678 758 1760; x_wconf 80' lang='lat' dir='ltr'><strong>Ego,</strong></span> <span class='ocrx_word' id='word_1_32' title='bbox 773 1689 868 1764; x_wconf 88' lang='lat' dir='ltr'><strong>prout</strong></span> <span class='ocrx_word' id='word_1_33' title='bbox 891 1680 1092 1762; x_wconf 81' lang='lat' dir='ltr'>exigebatur,</span> <span class='ocrx_word' id='word_1_34' title='bbox 1108 1677 1177 1742; x_wconf 90' lang='lat' dir='ltr'><strong>sine</strong></span> <span class='ocrx_word' id='word_1_35' title='bbox 1191 1678 1255 1741; x_wconf 92' lang='lat' dir='ltr'><strong>dis·</strong></span> 
     </span>
     <span class='ocr_line' id='line_1_6' title="bbox 304 1781 1255 1865; baseline 0 -22"><span class='ocrx_word' id='word_1_36' title='bbox 304 1781 423 1862; x_wconf 89' lang='lat' dir='ltr'><strong>pendio</strong></span> <span class='ocrx_word' id='word_1_37' title='bbox 438 1781 550 1861; x_wconf 86' lang='lat' dir='ltr'><strong>salutis</strong></span> <span class='ocrx_word' id='word_1_38' title='bbox 566 1792 598 1844; x_wconf 91' lang='lat' dir='ltr'><strong>et</strong></span> <span class='ocrx_word' id='word_1_39' title='bbox 612 1781 715 1857; x_wconf 78' lang='lat' dir='ltr'><strong>fama,</strong></span> <span class='ocrx_word' id='word_1_40' title='bbox 728 1782 862 1865; x_wconf 89' lang='lat' dir='ltr'><strong>petitam</strong></span> <span class='ocrx_word' id='word_1_41' title='bbox 882 1803 949 1845; x_wconf 90' lang='lat' dir='ltr'><strong>non</strong></span> <span class='ocrx_word' id='word_1_42' title='bbox 964 1802 1091 1865; x_wconf 88' lang='lat' dir='ltr'><strong>possem</strong></span> <span class='ocrx_word' id='word_1_43' title='bbox 1104 1790 1255 1865; x_wconf 82' lang='lat' dir='ltr'><strong>praestare</strong></span> 
     </span>
     <span class='ocr_line' id='line_1_7' title="bbox 304 1880 1256 1966; baseline 0.001 -23"><span class='ocrx_word' id='word_1_44' title='bbox 304 1882 494 1946; x_wconf 78' lang='lat' dir='ltr'><strong>cautionem.</strong></span> <span class='ocrx_word' id='word_1_45' title='bbox 541 1883 643 1965; x_wconf 89' lang='lat' dir='ltr'><strong>Spero</strong></span> <span class='ocrx_word' id='word_1_46' title='bbox 669 1882 777 1966; x_wconf 88' lang='lat' dir='ltr'><strong>itaque</strong></span> <span class='ocrx_word' id='word_1_47' title='bbox 805 1903 979 1947; x_wconf 89' lang='lat' dir='ltr'><strong>conversus</strong></span> <span class='ocrx_word' id='word_1_48' title='bbox 1004 1880 1044 1944; x_wconf 88' lang='lat' dir='ltr'><strong>ad</strong></span> <span class='ocrx_word' id='word_1_49' title='bbox 1069 1882 1256 1961; x_wconf 91' lang='lat' dir='ltr'><strong>Dominum,</strong></span> 
     </span>
     <span class='ocr_line' id='line_1_8' title="bbox 305 1983 1256 2066; baseline 0.003 -23"><span class='ocrx_word' id='word_1_50' title='bbox 305 1983 456 2066; x_wconf 89' lang='lat' dir='ltr'><strong>quoniam</strong></span> <span class='ocrx_word' id='word_1_51' title='bbox 476 1992 509 2047; x_wconf 84' lang='lat' dir='ltr'><strong>et</strong></span> <span class='ocrx_word' id='word_1_52' title='bbox 528 1984 607 2047; x_wconf 88' lang='lat' dir='ltr'><strong>mihi</strong></span> <span class='ocrx_word' id='word_1_53' title='bbox 626 1983 679 2045; x_wconf 87' lang='lat' dir='ltr'><strong>die</strong></span> <span class='ocrx_word' id='word_1_54' title='bbox 701 1985 839 2047; x_wconf 89' lang='lat' dir='ltr'><strong>crastina</strong></span> <span class='ocrx_word' id='word_1_55' title='bbox 860 1985 918 2047; x_wconf 91' lang='lat' dir='ltr'><strong>erit</strong></span> <span class='ocrx_word' id='word_1_56' title='bbox 940 1985 1037 2060; x_wconf 82' lang='lat' dir='ltr'><strong>salus,</strong></span> <span class='ocrx_word' id='word_1_57' title='bbox 1051 2004 1148 2066; x_wconf 89' lang='lat' dir='ltr'><strong>quum</strong></span> <span class='ocrx_word' id='word_1_58' title='bbox 1167 1984 1256 2047; x_wconf 86' lang='lat' dir='ltr'><strong>inca·</strong></span> 
     </span>
     <span class='ocr_line' id='line_1_9' title="bbox 303 2081 1258 2166; baseline 0.002 -22"><span class='ocrx_word' id='word_1_59' title='bbox 303 2081 397 2145; x_wconf 89' lang='lat' dir='ltr'><strong>luerit</strong></span> <span class='ocrx_word' id='word_1_60' title='bbox 425 2085 484 2160; x_wconf 90' lang='lat' dir='ltr'><strong>sol,</strong></span> <span class='ocrx_word' id='word_1_61' title='bbox 509 2084 564 2166; x_wconf 89' lang='lat' dir='ltr'><strong>qni</strong></span> <span class='ocrx_word' id='word_1_62' title='bbox 592 2083 744 2146; x_wconf 81' lang='lat' dir='ltr'><strong>revelabit</strong></span> <span class='ocrx_word' id='word_1_63' title='bbox 767 2082 956 2147; x_wconf 90' lang='lat' dir='ltr'><strong>abscondita</strong></span> <span class='ocrx_word' id='word_1_64' title='bbox 985 2084 1197 2158; x_wconf 89' lang='lat' dir='ltr'><strong>tenebrarum,</strong></span> <span class='ocrx_word' id='word_1_65' title='bbox 1226 2093 1258 2146; x_wconf 90' lang='lat' dir='ltr'><strong>et</strong></span> 
     </span>
     <span class='ocr_line' id='line_1_10' title="bbox 305 2180 1255 2266; baseline -0.002 -19"><span class='ocrx_word' id='word_1_66' title='bbox 305 2185 522 2249; x_wconf 82' lang='lat' dir='ltr'><strong>manifestabit</strong></span> <span class='ocrx_word' id='word_1_67' title='bbox 551 2185 686 2249; x_wconf 87' lang='lat' dir='ltr'><strong>consilia</strong></span> <span class='ocrx_word' id='word_1_68' title='bbox 715 2184 870 2260; x_wconf 89' lang='lat' dir='ltr'><strong>cordium,</strong></span> <span class='ocrx_word' id='word_1_69' title='bbox 896 2183 1014 2266; x_wconf 89' lang='lat' dir='ltr'><strong>cuique</strong></span> <span class='ocrx_word' id='word_1_70' title='bbox 1044 2180 1255 2263; x_wconf 85' lang='lat' dir='ltr'><strong>respondente</strong></span> 
     </span>
     <span class='ocr_line' id='line_1_11' title="bbox 300 2277 1254 2367; baseline -0.002 -24"><span class='ocrx_word' id='word_1_71' title='bbox 300 2280 425 2362; x_wconf 84' lang='lat' dir='ltr'><strong>justitie</strong></span> <span class='ocrx_word' id='word_1_72' title='bbox 454 2284 502 2346; x_wconf 88' lang='lat' dir='ltr'><strong>vel</strong></span> <span class='ocrx_word' id='word_1_73' title='bbox 530 2282 648 2367; x_wconf 88' lang='lat' dir='ltr'><strong>injuria</strong></span> <span class='ocrx_word' id='word_1_74' title='bbox 678 2302 747 2344; x_wconf 85' lang='lat' dir='ltr'><strong>sua.</strong></span> <span class='ocrx_word' id='word_1_75' title='bbox 799 2281 892 2343; x_wconf 88' lang='lat' dir='ltr'><strong>Licet</strong></span> <span class='ocrx_word' id='word_1_76' title='bbox 925 2280 1010 2342; x_wconf 89' lang='lat' dir='ltr'><strong>enirn</strong></span> <span class='ocrx_word' id='word_1_77' title='bbox 1039 2278 1101 2342; x_wconf 91' lang='lat' dir='ltr'><strong>hac</strong></span> <span class='ocrx_word' id='word_1_78' title='bbox 1132 2277 1254 2341; x_wconf 86' lang='lat' dir='ltr'><strong>diemrn</strong></span> 
     </span>
     <span class='ocr_line' id='line_1_12' title="bbox 305 2380 1257 2464; baseline 0 -22"><span class='ocrx_word' id='word_1_79' title='bbox 305 2380 509 2446; x_wconf 88' lang='lat' dir='ltr'><strong>hebdomada</strong></span> <span class='ocrx_word' id='word_1_80' title='bbox 518 2393 641 2464; x_wconf 90' lang='lat' dir='ltr'><strong>premat</strong></span> <span class='ocrx_word' id='word_1_81' title='bbox 651 2403 739 2444; x_wconf 88' lang='lat' dir='ltr'><strong>meas</strong></span> <span class='ocrx_word' id='word_1_82' title='bbox 755 2403 829 2445; x_wconf 87' lang='lat' dir='ltr'><strong>curn</strong></span> <span class='ocrx_word' id='word_1_83' title='bbox 841 2380 1036 2444; x_wconf 81' lang='lat' dir='ltr'><strong>Ammonitis</strong></span> <span class='ocrx_word' id='word_1_84' title='bbox 1050 2380 1125 2458; x_wconf 91' lang='lat' dir='ltr'><strong>suis,</strong></span> <span class='ocrx_word' id='word_1_85' title='bbox 1135 2381 1257 2463; x_wconf 91' lang='lat' dir='ltr'><strong>populo</strong></span> 
     </span>
     <span class='ocr_line' id='line_1_13' title="bbox 305 2483 1256 2566; baseline 0.001 -20"><span class='ocrx_word' id='word_1_86' title='bbox 305 2483 430 2547; x_wconf 91' lang='lat' dir='ltr'><strong>scilicet</strong></span> <span class='ocrx_word' id='word_1_87' title='bbox 444 2484 599 2561; x_wconf 78' lang='lat' dir='ltr'><strong>moeroris,</strong></span> <span class='ocrx_word' id='word_1_88' title='bbox 614 2497 647 2549; x_wconf 89' lang='lat' dir='ltr'><strong>et</strong></span> <span class='ocrx_word' id='word_1_89' title='bbox 666 2484 742 2548; x_wconf 85' lang='lat' dir='ltr'><strong>filiis</strong></span> <span class='ocrx_word' id='word_1_90' title='bbox 762 2485 931 2566; x_wconf 79' lang='lat' dir='ltr'><strong>gehennae,</strong></span> <span class='ocrx_word' id='word_1_91' title='bbox 946 2505 1044 2566; x_wconf 90' lang='lat' dir='ltr'><strong>quum</strong></span> <span class='ocrx_word' id='word_1_92' title='bbox 1061 2483 1208 2547; x_wconf 88' lang='lat' dir='ltr'><strong>Christus</strong></span> <span class='ocrx_word' id='word_1_93' title='bbox 1222 2485 1256 2547; x_wconf 93' lang='lat' dir='ltr'><strong>in</strong></span> 
     </span>
     <span class='ocr_line' id='line_1_14' title="bbox 305 2584 1258 2669; baseline 0.005 -23"><span class='ocrx_word' id='word_1_94' title='bbox 305 2584 395 2649; x_wconf 87' lang='lat' dir='ltr'><strong>brevi</strong></span> <span class='ocrx_word' id='word_1_95' title='bbox 409 2586 521 2664; x_wconf 88' lang='lat' dir='ltr'><strong>aderit,</strong></span> <span class='ocrx_word' id='word_1_96' title='bbox 537 2598 570 2650; x_wconf 93' lang='lat' dir='ltr'><strong>et</strong></span> <span class='ocrx_word' id='word_1_97' title='bbox 585 2588 803 2650; x_wconf 85' lang='lat' dir='ltr'><strong>consolabitur</strong></span> <span class='ocrx_word' id='word_1_98' title='bbox 817 2587 851 2650; x_wconf 89' lang='lat' dir='ltr'><strong>in</strong></span> <span class='ocrx_word' id='word_1_99' title='bbox 872 2586 984 2650; x_wconf 87' lang='lat' dir='ltr'><strong>electis</strong></span> <span class='ocrx_word' id='word_1_100' title='bbox 999 2584 1076 2664; x_wconf 87' lang='lat' dir='ltr'><strong>suia,</strong></span> <span class='ocrx_word' id='word_1_101' title='bbox 1092 2586 1125 2648; x_wconf 94' lang='lat' dir='ltr'><strong>in</strong></span> <span class='ocrx_word' id='word_1_102' title='bbox 1141 2587 1258 2669; x_wconf 89' lang='lat' dir='ltr'><strong>quibus</strong></span> 
     </span>
     <span class='ocr_line' id='line_1_15' title="bbox 305 2688 1258 2773; baseline 0.002 -23"><span class='ocrx_word' id='word_1_103' title='bbox 305 2708 392 2752; x_wconf 89' lang='lat' dir='ltr'><strong>nunc</strong></span> <span class='ocrx_word' id='word_1_104' title='bbox 407 2690 527 2773; x_wconf 89' lang='lat' dir='ltr'><strong>patitur</strong></span> <span class='ocrx_word' id='word_1_105' title='bbox 541 2688 582 2753; x_wconf 88' lang='lat' dir='ltr'><strong>ad</strong></span> <span class='ocrx_word' id='word_1_106' title='bbox 596 2701 804 2753; x_wconf 90' lang='lat' dir='ltr'><strong>momentum.</strong></span> <span class='ocrx_word' id='word_1_107' title='bbox 851 2688 1024 2752; x_wconf 85' lang='lat' dir='ltr'><strong>Consolare</strong></span> <span class='ocrx_word' id='word_1_108' title='bbox 1039 2709 1126 2769; x_wconf 88' lang='lat' dir='ltr'><strong>ergo,</strong></span> <span class='ocrx_word' id='word_1_109' title='bbox 1141 2688 1258 2752; x_wconf 86' lang='lat' dir='ltr'><strong>dilecte</strong></span> 
     </span>
     <span class='ocr_line' id='line_1_16' title="bbox 305 2788 1258 2871; baseline -0.002 -19"><span class='ocrx_word' id='word_1_110' title='bbox 305 2789 361 2867; x_wconf 92' lang='lat' dir='ltr'><strong>mi,</strong></span> <span class='ocrx_word' id='word_1_111' title='bbox 371 2789 488 2854; x_wconf 90' lang='lat' dir='ltr'><strong>dilecte</strong></span> <span class='ocrx_word' id='word_1_112' title='bbox 496 2790 551 2866; x_wconf 91' lang='lat' dir='ltr'><strong>mi,</strong></span> <span class='ocrx_word' id='word_1_113' title='bbox 561 2791 738 2867; x_wconf 89' lang='lat' dir='ltr'><strong>consolare,</strong></span> <span class='ocrx_word' id='word_1_114' title='bbox 749 2791 804 2871; x_wconf 90' lang='lat' dir='ltr'><strong>qui</strong></span> <span class='ocrx_word' id='word_1_115' title='bbox 819 2791 848 2851; x_wconf 88' lang='lat' dir='ltr'><strong>si</strong></span> <span class='ocrx_word' id='word_1_116' title='bbox 859 2789 1020 2852; x_wconf 86' lang='lat' dir='ltr'><strong>modicum</strong></span> <span class='ocrx_word' id='word_1_117' title='bbox 1031 2788 1258 2870; x_wconf 84' lang='lat' dir='ltr'><strong>pertransieris,</strong></span> 
     </span>
     <span class='ocr_line' id='line_1_17' title="bbox 305 2888 1259 2970; baseline 0 -19"><span class='ocrx_word' id='word_1_118' title='bbox 305 2908 366 2952; x_wconf 90' lang='lat' dir='ltr'><strong>nec</strong></span> <span class='ocrx_word' id='word_1_119' title='bbox 396 2890 489 2953; x_wconf 87' lang='lat' dir='ltr'><strong>locus</strong></span> <span class='ocrx_word' id='word_1_120' title='bbox 517 2910 625 2952; x_wconf 86' lang='lat' dir='ltr'><strong>eorum</strong></span> <span class='ocrx_word' id='word_1_121' title='bbox 656 2889 844 2965; x_wconf 85' lang='lat' dir='ltr'><strong>invenietur,</strong></span> <span class='ocrx_word' id='word_1_122' title='bbox 871 2889 946 2970; x_wconf 90' lang='lat' dir='ltr'><strong>quia</strong></span> <span class='ocrx_word' id='word_1_123' title='bbox 971 2888 1061 2969; x_wconf 88' lang='lat' dir='ltr'><strong>impii</strong></span> <span class='ocrx_word' id='word_1_124' title='bbox 1087 2902 1123 2951; x_wconf 89' lang='lat' dir='ltr'><strong>ut</strong></span> <span class='ocrx_word' id='word_1_125' title='bbox 1152 2890 1259 2952; x_wconf 84' lang='lat' dir='ltr'><strong>sumus</strong></span> 
     </span>
     <span class='ocr_line' id='line_1_18' title="bbox 308 2986 1258 3068; baseline 0 -18"><span class='ocrx_word' id='word_1_126' title='bbox 308 2997 509 3051; x_wconf 86' lang='lat' dir='ltr'><strong>evanescent.</strong></span> <span class='ocrx_word' id='word_1_127' title='bbox 554 2988 651 3060; x_wconf 87' lang='lat' dir='ltr'><strong>Quod</strong></span> <span class='ocrx_word' id='word_1_128' title='bbox 667 2988 694 3050; x_wconf 91' lang='lat' dir='ltr'><strong>si</strong></span> <span class='ocrx_word' id='word_1_129' title='bbox 712 2988 841 3051; x_wconf 89' lang='lat' dir='ltr'><strong>interim</strong></span> <span class='ocrx_word' id='word_1_130' title='bbox 861 2988 932 3050; x_wconf 84' lang='lat' dir='ltr'><strong>haec</strong></span> <span class='ocrx_word' id='word_1_131' title='bbox 955 2986 1043 3068; x_wconf 81' lang='lat' dir='ltr'><strong>angit</strong></span> <span class='ocrx_word' id='word_1_132' title='bbox 1062 2988 1258 3068; x_wconf 84' lang='lat' dir='ltr'><strong>expectatio,</strong></span> 
     </span>
     <span class='ocr_line' id='line_1_19' title="bbox 308 3086 1258 3171; baseline 0.002 -23"><span class='ocrx_word' id='word_1_133' title='bbox 308 3087 341 3148; x_wconf 85' lang='lat' dir='ltr'><strong>in</strong></span> <span class='ocrx_word' id='word_1_134' title='bbox 363 3086 493 3150; x_wconf 89' lang='lat' dir='ltr'><strong>arbitrio</strong></span> <span class='ocrx_word' id='word_1_135' title='bbox 516 3096 571 3150; x_wconf 87' lang='lat' dir='ltr'><strong>tuo</strong></span> <span class='ocrx_word' id='word_1_136' title='bbox 592 3100 625 3150; x_wconf 89' lang='lat' dir='ltr'><strong>et</strong></span> <span class='ocrx_word' id='word_1_137' title='bbox 646 3088 783 3150; x_wconf 89' lang='lat' dir='ltr'><strong>consilio</strong></span> <span class='ocrx_word' id='word_1_138' title='bbox 806 3086 954 3171; x_wconf 89' lang='lat' dir='ltr'><strong>episcopi</strong></span> <span class='ocrx_word' id='word_1_139' title='bbox 976 3087 1045 3163; x_wconf 90' lang='lat' dir='ltr'><strong>erit,</strong></span> <span class='ocrx_word' id='word_1_140' title='bbox 1061 3096 1096 3149; x_wconf 91' lang='lat' dir='ltr'><strong>ut</strong></span> <span class='ocrx_word' id='word_1_141' title='bbox 1116 3086 1258 3150; x_wconf 83' lang='lat' dir='ltr'><strong>declines</strong></span> 
     </span>
     <span class='ocr_line' id='line_1_20' title="bbox 306 3186 1259 3273; baseline 0.001 -22"><span class='ocrx_word' id='word_1_142' title='bbox 306 3186 414 3251; x_wconf 90' lang='lat' dir='ltr'><strong>adme</strong></span> <span class='ocrx_word' id='word_1_143' title='bbox 430 3209 449 3252; x_wconf 92' lang='lat' dir='ltr'><strong>a</strong></span> <span class='ocrx_word' id='word_1_144' title='bbox 466 3189 547 3252; x_wconf 85' lang='lat' dir='ltr'><strong>secie</strong></span> <span class='ocrx_word' id='word_1_145' title='bbox 570 3188 740 3267; x_wconf 89' lang='lat' dir='ltr'><strong>tribulatis,</strong></span> <span class='ocrx_word' id='word_1_146' title='bbox 755 3190 832 3273; x_wconf 88' lang='lat' dir='ltr'><strong>quia</strong></span> <span class='ocrx_word' id='word_1_147' title='bbox 854 3189 881 3252; x_wconf 90' lang='lat' dir='ltr'><strong>si</strong></span> <span class='ocrx_word' id='word_1_148' title='bbox 904 3188 948 3252; x_wconf 89' lang='lat' dir='ltr'><strong>ita</strong></span> <span class='ocrx_word' id='word_1_149' title='bbox 970 3188 1213 3271; x_wconf 86' lang='lat' dir='ltr'><strong>complacuerit,</strong></span> <span class='ocrx_word' id='word_1_150' title='bbox 1226 3199 1259 3252; x_wconf 87' lang='lat' dir='ltr'><strong>ts</strong></span> 
     </span>
     <span class='ocr_line' id='line_1_21' title="bbox 307 3288 1258 3370; baseline -0.001 -18"><span class='ocrx_word' id='word_1_151' title='bbox 307 3288 516 3354; x_wconf 86' lang='lat' dir='ltr'><strong>sincerissime</strong></span> <span class='ocrx_word' id='word_1_152' title='bbox 539 3289 681 3353; x_wconf 89' lang='lat' dir='ltr'><strong>brachiis</strong></span> <span class='ocrx_word' id='word_1_153' title='bbox 708 3289 850 3353; x_wconf 88' lang='lat' dir='ltr'><strong>caritatis</strong></span> <span class='ocrx_word' id='word_1_154' title='bbox 874 3290 1055 3353; x_wconf 77' lang='lat' dir='ltr'><strong>venientem</strong></span> <span class='ocrx_word' id='word_1_155' title='bbox 1085 3289 1258 3370; x_wconf 84' lang='lat' dir='ltr'><strong>excipiam,</strong></span> 
     </span>
     <span class='ocr_line' id='line_1_22' title="bbox 307 3389 1257 3471; baseline 0 -20"><span class='ocrx_word' id='word_1_156' title='bbox 307 3389 471 3455; x_wconf 86' lang='lat' dir='ltr'><strong>habiturus</strong></span> <span class='ocrx_word' id='word_1_157' title='bbox 500 3404 532 3455; x_wconf 88' lang='lat' dir='ltr'><strong>te</strong></span> <span class='ocrx_word' id='word_1_158' title='bbox 570 3412 635 3453; x_wconf 94' lang='lat' dir='ltr'><strong>non</strong></span> <span class='ocrx_word' id='word_1_159' title='bbox 672 3390 768 3454; x_wconf 88' lang='lat' dir='ltr'><strong>modo</strong></span> <span class='ocrx_word' id='word_1_160' title='bbox 802 3390 1064 3471; x_wconf 89' lang='lat' dir='ltr'><strong>comparticipem</strong></span> <span class='ocrx_word' id='word_1_161' title='bbox 1100 3391 1257 3451; x_wconf 90' lang='lat' dir='ltr'><strong>bonorum</strong></span> 
     </span>
     <span class='ocr_line' id='line_1_23' title="bbox 307 3488 1258 3574; baseline 0 -20"><span class='ocrx_word' id='word_1_162' title='bbox 307 3493 461 3568; x_wconf 93' lang='lat' dir='ltr'><strong>omnium,</strong></span> <span class='ocrx_word' id='word_1_163' title='bbox 487 3492 665 3556; x_wconf 88' lang='lat' dir='ltr'><strong>sedetiam</strong></span> <span class='ocrx_word' id='word_1_164' title='bbox 695 3500 853 3574; x_wconf 86' lang='lat' dir='ltr'><strong>quatenus</strong></span> <span class='ocrx_word' id='word_1_165' title='bbox 878 3489 949 3570; x_wconf 88' lang='lat' dir='ltr'><strong>ipse</strong></span> <span class='ocrx_word' id='word_1_166' title='bbox 976 3488 1166 3571; x_wconf 88' lang='lat' dir='ltr'><strong>permiseris,</strong></span> <span class='ocrx_word' id='word_1_167' title='bbox 1193 3498 1258 3555; x_wconf 83' lang='lat' dir='ltr'><strong>tam</strong></span> 
     </span>
     <span class='ocr_line' id='line_1_24' title="bbox 307 3588 1259 3672; baseline -0.001 -19"><span class='ocrx_word' id='word_1_168' title='bbox 307 3593 380 3669; x_wconf 90' lang='lat' dir='ltr'><strong>mei,</strong></span> <span class='ocrx_word' id='word_1_169' title='bbox 403 3611 500 3672; x_wconf 89' lang='lat' dir='ltr'><strong>quam</strong></span> <span class='ocrx_word' id='word_1_170' title='bbox 520 3611 664 3653; x_wconf 88' lang='lat' dir='ltr'><strong>meorum</strong></span> <span class='ocrx_word' id='word_1_171' title='bbox 685 3588 852 3653; x_wconf 85' lang='lat' dir='ltr'><strong>custodem</strong></span> <span class='ocrx_word' id='word_1_172' title='bbox 875 3600 907 3651; x_wconf 88' lang='lat' dir='ltr'><strong>et</strong></span> <span class='ocrx_word' id='word_1_173' title='bbox 925 3600 1168 3671; x_wconf 84' lang='lat' dir='ltr'><strong>praeceptorem,</strong></span> <span class='ocrx_word' id='word_1_174' title='bbox 1184 3600 1217 3654; x_wconf 88' lang='lat' dir='ltr'><strong>at</strong></span> <span class='ocrx_word' id='word_1_175' title='bbox 1230 3590 1259 3655; x_wconf 87' lang='lat' dir='ltr'><strong>si</strong></span> 
     </span>
     <span class='ocr_line' id='line_1_25' title="bbox 307 3687 1258 3775; baseline 0.003 -22"><span class='ocrx_word' id='word_1_176' title='bbox 307 3690 372 3753; x_wconf 90' lang='lat' dir='ltr'><strong>dici</strong></span> <span class='ocrx_word' id='word_1_177' title='bbox 391 3689 540 3766; x_wconf 87' lang='lat' dir='ltr'><strong>sustines,</strong></span> <span class='ocrx_word' id='word_1_178' title='bbox 562 3690 732 3754; x_wconf 87' lang='lat' dir='ltr'><strong>affectione</strong></span> <span class='ocrx_word' id='word_1_179' title='bbox 751 3699 886 3773; x_wconf 89' lang='lat' dir='ltr'><strong>patrem.</strong></span> <span class='ocrx_word' id='word_1_180' title='bbox 931 3687 1055 3753; x_wconf 82' lang='lat' dir='ltr'><strong>Caetera</strong></span> <span class='ocrx_word' id='word_1_181' title='bbox 1078 3690 1258 3775; x_wconf 82' lang='lat' dir='ltr'><strong>perpendes</strong></span> 
     </span>
     <span class='ocr_line' id='line_1_26' title="bbox 307 3790 1260 3875; baseline 0.004 -21"><span class='ocrx_word' id='word_1_182' title='bbox 307 3812 349 3855; x_wconf 83' lang='lat' dir='ltr'><strong>ex</strong></span> <span class='ocrx_word' id='word_1_183' title='bbox 372 3790 482 3854; x_wconf 89' lang='lat' dir='ltr'><strong>litteris</strong></span> <span class='ocrx_word' id='word_1_184' title='bbox 503 3790 586 3868; x_wconf 90' lang='lat' dir='ltr'><strong>aliis,</strong></span> <span class='ocrx_word' id='word_1_185' title='bbox 610 3800 643 3854; x_wconf 91' lang='lat' dir='ltr'><strong>et</strong></span> <span class='ocrx_word' id='word_1_186' title='bbox 664 3801 747 3869; x_wconf 90' lang='lat' dir='ltr'><strong>tuas,</strong></span> <span class='ocrx_word' id='word_1_187' title='bbox 766 3790 885 3875; x_wconf 86' lang='lat' dir='ltr'><strong>quibus</strong></span> <span class='ocrx_word' id='word_1_188' title='bbox 908 3791 993 3853; x_wconf 89' lang='lat' dir='ltr'><strong>soles</strong></span> <span class='ocrx_word' id='word_1_189' title='bbox 1013 3812 1079 3855; x_wconf 91' lang='lat' dir='ltr'><strong>uon</strong></span> <span class='ocrx_word' id='word_1_190' title='bbox 1101 3793 1260 3858; x_wconf 84' lang='lat' dir='ltr'><strong>vereberis</strong></span> 
     </span>
     <span class='ocr_line' id='line_1_27' title="bbox 307 3892 1260 3967; baseline 0.003 -10"><span class='ocrx_word' id='word_1_191' title='bbox 307 3892 551 3958; x_wconf 89' lang='lat' dir='ltr'><strong>communicare.</strong></span> <span class='ocrx_word' id='word_1_192' title='bbox 597 3894 671 3958; x_wconf 83' lang='lat' dir='ltr'><strong>Rex</strong></span> <span class='ocrx_word' id='word_1_193' title='bbox 695 3895 850 3967; x_wconf 90' lang='lat' dir='ltr'><strong>Francus,</strong></span> <span class='ocrx_word' id='word_1_194' title='bbox 872 3903 905 3957; x_wconf 90' lang='lat' dir='ltr'><strong>et</strong></span> <span class='ocrx_word' id='word_1_195' title='bbox 926 3893 1099 3961; x_wconf 88' lang='lat' dir='ltr'><strong>Gallicana</strong></span> <span class='ocrx_word' id='word_1_196' title='bbox 1120 3896 1260 3960; x_wconf 82' lang='lat' dir='ltr'><strong>ecclesia</strong></span> 
     </span>
     <span class='ocr_line' id='line_1_28' title="bbox 308 3994 1258 4061; baseline -0.002 -2"><span class='ocrx_word' id='word_1_197' title='bbox 308 3995 499 4060; x_wconf 88' lang='lat' dir='ltr'><strong>coexulibus</strong></span> <span class='ocrx_word' id='word_1_198' title='bbox 523 3997 640 4060; x_wconf 88' lang='lat' dir='ltr'><strong>nostris</strong></span> <span class='ocrx_word' id='word_1_199' title='bbox 668 3997 801 4061; x_wconf 89' lang='lat' dir='ltr'><strong>multam</strong></span> <span class='ocrx_word' id='word_1_200' title='bbox 831 3995 988 4058; x_wconf 88' lang='lat' dir='ltr'><strong>exhibent</strong></span> <span class='ocrx_word' id='word_1_201' title='bbox 1019 3994 1258 4060; x_wconf 89' lang='lat' dir='ltr'><strong>humanitatem.</strong></span> 
     </span>
     <span class='ocr_line' id='line_1_29' title="bbox 310 4094 1259 4161; baseline -0.002 -1"><span class='ocrx_word' id='word_1_202' title='bbox 310 4096 442 4160; x_wconf 92' lang='lat' dir='ltr'><strong>Utinam</strong></span> <span class='ocrx_word' id='word_1_203' title='bbox 457 4107 492 4161; x_wconf 84' lang='lat' dir='ltr'><strong>tu</strong></span> <span class='ocrx_word' id='word_1_204' title='bbox 511 4119 575 4160; x_wconf 90' lang='lat' dir='ltr'><strong>non</strong></span> <span class='ocrx_word' id='word_1_205' title='bbox 597 4097 841 4161; x_wconf 88' lang='lat' dir='ltr'><strong>inhumaniores</strong></span> <span class='ocrx_word' id='word_1_206' title='bbox 859 4095 1003 4157; x_wconf 86' lang='lat' dir='ltr'><strong>invenias</strong></span> <span class='ocrx_word' id='word_1_207' title='bbox 1022 4094 1173 4157; x_wconf 87' lang='lat' dir='ltr'><strong>concives</strong></span> <span class='ocrx_word' id='word_1_208' title='bbox 1186 4103 1259 4158; x_wconf 86' lang='lat' dir='ltr'><strong>tuos</strong></span> 
     </span>
     <span class='ocr_line' id='line_1_30' title="bbox 309 4193 1260 4280; baseline 0.001 -21"><span class='ocrx_word' id='word_1_209' title='bbox 309 4207 341 4259; x_wconf 93' lang='lat' dir='ltr'><strong>at</strong></span> <span class='ocrx_word' id='word_1_210' title='bbox 356 4197 550 4263; x_wconf 86' lang='lat' dir='ltr'><strong>domesticos</strong></span> <span class='ocrx_word' id='word_1_211' title='bbox 561 4198 636 4263; x_wconf 89' lang='lat' dir='ltr'><strong>fidei</strong></span> <span class='ocrx_word' id='word_1_212' title='bbox 649 4193 908 4280; x_wconf 79' lang='lat' dir='ltr'><strong>compromissae!</strong></span> <span class='ocrx_word' id='word_1_213' title='bbox 933 4193 1029 4266; x_wconf 87' lang='lat' dir='ltr'><strong>Quod</strong></span> <span class='ocrx_word' id='word_1_214' title='bbox 1044 4195 1071 4258; x_wconf 90' lang='lat' dir='ltr'><strong>si</strong></span> <span class='ocrx_word' id='word_1_215' title='bbox 1085 4196 1260 4260; x_wconf 87' lang='lat' dir='ltr'><strong>necessitas</strong></span> 
     </span>
     <span class='ocr_line' id='line_1_31' title="bbox 309 4294 1258 4381; baseline 0 -21"><span class='ocrx_word' id='word_1_216' title='bbox 309 4309 431 4379; x_wconf 80' lang='lat' dir='ltr'><strong>urgeat,</strong></span> <span class='ocrx_word' id='word_1_217' title='bbox 453 4299 530 4362; x_wconf 92' lang='lat' dir='ltr'><strong>licet</strong></span> <span class='ocrx_word' id='word_1_218' title='bbox 554 4308 729 4381; x_wconf 82' lang='lat' dir='ltr'><strong>praesentes</strong></span> <span class='ocrx_word' id='word_1_219' title='bbox 759 4297 879 4360; x_wconf 88' lang='lat' dir='ltr'><strong>habeas</strong></span> <span class='ocrx_word' id='word_1_220' title='bbox 908 4294 1031 4370; x_wconf 81' lang='lat' dir='ltr'><strong>fratres,</strong></span> <span class='ocrx_word' id='word_1_221' title='bbox 1057 4297 1181 4359; x_wconf 89' lang='lat' dir='ltr'><strong>nullum</strong></span> <span class='ocrx_word' id='word_1_222' title='bbox 1207 4318 1258 4361; x_wconf 90' lang='lat' dir='ltr'><strong>me</strong></span> 
     </span>
     <span class='ocr_line' id='line_1_32' title="bbox 309 4395 1259 4479; baseline 0.001 -20"><span class='ocrx_word' id='word_1_223' title='bbox 309 4397 526 4461; x_wconf 87' lang='lat' dir='ltr'><strong>humaniorem</strong></span> <span class='ocrx_word' id='word_1_224' title='bbox 547 4397 702 4476; x_wconf 80' lang='lat' dir='ltr'><strong>invenies,</strong></span> <span class='ocrx_word' id='word_1_225' title='bbox 725 4396 802 4479; x_wconf 89' lang='lat' dir='ltr'><strong>quia</strong></span> <span class='ocrx_word' id='word_1_226' title='bbox 825 4395 934 4458; x_wconf 87' lang='lat' dir='ltr'><strong>nullus</strong></span> <span class='ocrx_word' id='word_1_227' title='bbox 956 4396 1111 4476; x_wconf 80' lang='lat' dir='ltr'><strong>sanguine</strong></span> <span class='ocrx_word' id='word_1_228' title='bbox 1135 4396 1259 4476; x_wconf 83' lang='lat' dir='ltr'><strong>gravior</strong></span> 
     </span>
     <span class='ocr_line' id='line_1_33' title="bbox 309 4494 1257 4578; baseline 0 -17"><span class='ocrx_word' id='word_1_229' title='bbox 309 4511 367 4575; x_wconf 89' lang='lat' dir='ltr'><strong>est,</strong></span> <span class='ocrx_word' id='word_1_230' title='bbox 382 4497 441 4562; x_wconf 89' lang='lat' dir='ltr'><strong>sed</strong></span> <span class='ocrx_word' id='word_1_231' title='bbox 456 4520 516 4564; x_wconf 89' lang='lat' dir='ltr'><strong>nec</strong></span> <span class='ocrx_word' id='word_1_232' title='bbox 537 4498 679 4572; x_wconf 83' lang='lat' dir='ltr'><strong>caritate,</strong></span> <span class='ocrx_word' id='word_1_233' title='bbox 701 4509 735 4560; x_wconf 92' lang='lat' dir='ltr'><strong>ut</strong></span> <span class='ocrx_word' id='word_1_234' title='bbox 755 4494 898 4560; x_wconf 90' lang='lat' dir='ltr'><strong>arbitror.</strong></span> <span class='ocrx_word' id='word_1_235' title='bbox 945 4497 1106 4561; x_wconf 84' lang='lat' dir='ltr'><strong>Salutabis</strong></span> <span class='ocrx_word' id='word_1_236' title='bbox 1128 4499 1257 4578; x_wconf 86' lang='lat' dir='ltr'><strong>amicos,</strong></span> 
     </span>
     <span class='ocr_line' id='line_1_34' title="bbox 310 4595 1257 4676; baseline 0.004 -18"><span class='ocrx_word' id='word_1_237' title='bbox 310 4605 343 4658; x_wconf 89' lang='lat' dir='ltr'><strong>et</strong></span> <span class='ocrx_word' id='word_1_238' title='bbox 358 4609 485 4660; x_wconf 86' lang='lat' dir='ltr'><strong>sanctos</strong></span> <span class='ocrx_word' id='word_1_239' title='bbox 508 4595 706 4676; x_wconf 85' lang='lat' dir='ltr'><strong>sollicitabis,</strong></span> <span class='ocrx_word' id='word_1_240' title='bbox 721 4604 757 4659; x_wconf 92' lang='lat' dir='ltr'><strong>ut</strong></span> <span class='ocrx_word' id='word_1_241' title='bbox 778 4596 1022 4660; x_wconf 88' lang='lat' dir='ltr'><strong>necessitatibus</strong></span> <span class='ocrx_word' id='word_1_242' title='bbox 1039 4598 1149 4660; x_wconf 85' lang='lat' dir='ltr'><strong>vestris</strong></span> <span class='ocrx_word' id='word_1_243' title='bbox 1170 4619 1257 4662; x_wconf 89' lang='lat' dir='ltr'><strong>com·</strong></span> 
     </span>
     <span class='ocr_line' id='line_1_35' title="bbox 311 4693 1258 4774; baseline 0.005 -16"><span class='ocrx_word' id='word_1_244' title='bbox 311 4695 484 4774; x_wconf 88' lang='lat' dir='ltr'><strong>municcnt,</strong></span> <span class='ocrx_word' id='word_1_245' title='bbox 499 4693 698 4759; x_wconf 88' lang='lat' dir='ltr'><strong>sublevando</strong></span> <span class='ocrx_word' id='word_1_246' title='bbox 719 4715 773 4757; x_wconf 89' lang='lat' dir='ltr'><strong>eas</strong></span> <span class='ocrx_word' id='word_1_247' title='bbox 793 4693 1073 4758; x_wconf 84' lang='lat' dir='ltr'><strong>intercessionibus</strong></span> <span class='ocrx_word' id='word_1_248' title='bbox 1089 4697 1163 4760; x_wconf 87' lang='lat' dir='ltr'><strong>suis.</strong></span> <span class='ocrx_word' id='word_1_249' title='bbox 1197 4699 1258 4763; x_wconf 88' lang='lat' dir='ltr'><strong>Fe·</strong></span> 
     </span>
    </p>
   </div>
   <div class='ocr_carea' id='block_1_3' title="bbox 309 4794 1257 4957">
    <p class='ocr_par' dir='ltr' id='par_1_3' title="bbox 309 4794 1257 4957">
     <span class='ocr_line' id='line_1_36' title="bbox 309 4794 1257 4896; baseline 0.011 -40"><span class='ocrx_word' id='word_1_250' title='bbox 309 4795 389 4859; x_wconf 89' lang='lat' dir='ltr'><strong>lices</strong></span> <span class='ocrx_word' id='word_1_251' title='bbox 397 4794 455 4859; x_wconf 86' lang='lat' dir='ltr'><strong>tibi</strong></span> <span class='ocrx_word' id='word_1_252' title='bbox 465 4817 591 4881; x_wconf 90' lang='lat' dir='ltr'><strong>semper</strong></span> <span class='ocrx_word' id='word_1_253' title='bbox 599 4794 641 4857; x_wconf 92' lang='lat' dir='ltr'><strong>ad</strong></span> <span class='ocrx_word' id='word_1_254' title='bbox 651 4804 723 4858; x_wconf 87' lang='lat' dir='ltr'><strong>vota</strong></span> <span class='ocrx_word' id='word_1_255' title='bbox 732 4815 899 4896; x_wconf 70' lang='lat' dir='ltr'><strong>successus</strong></span> <span class='ocrx_word' id='word_1_256' title='bbox 910 4794 1091 4860; x_wconf 84' lang='lat' dir='ltr'><strong>Altissimus</strong></span> <span class='ocrx_word' id='word_1_257' title='bbox 1099 4798 1257 4884; x_wconf 80' lang='lat' dir='ltr'><strong>largiatur.</strong></span> 
     </span>
     <span class='ocr_line' id='line_1_37' title="bbox 756 4901 806 4957; baseline 0 0"><span class='ocrx_word' id='word_1_258' title='bbox 756 4914 772 4957; x_wconf 92' lang='lat' dir='ltr'><strong>s</strong></span> <span class='ocrx_word' id='word_1_259' title='bbox 787 4901 806 4957; x_wconf 72' lang='lat'>2</span> 
     </span>
    </p>
   </div>
   <div class='ocr_carea' id='block_1_4' title="bbox 0 0 1663 6434">
    <p class='ocr_par' dir='ltr' id='par_1_4' title="bbox 0 0 1663 6434">
     <span class='ocr_line' id='line_1_38' title="bbox 0 0 1663 6434; baseline 0 0"><span class='ocrx_word' id='word_1_260' title='bbox 0 0 1663 6434; x_wconf 95' lang='lat' dir='ltr'><strong> </strong></span> 
     </span>
    </p>
   </div>
  </div>
 </body>
</html>
