3300 6434
302 1244 409 1323 llud]
682 1259 876 1307 serapeum.
1187 1245 1250 1303 aab

325 1535 546 1600 EPISTOLA
571 1533 796 1597 CLXIL-sn
812 1550 994 1597 nnssrcuu
1010 1550 1222 1596 sarocnusau

569 1652 737 1697 sincrum.
764 1634 808 1715 [s.
822 1653 853 1696 n.
874 1633 981 1714 1166]

463 1796 603 1858 Domino
619 1794 766 1857 Hearico
779 1795 878 1857 electo
895 1796 1077 1858 Baiocassi.

344 1930 515 1991 Gsunnarr
541 1927 642 2008 magis
667 1948 708 1989 an
732 1927 859 1990 doleam
883 1927 923 1990 de
949 1928 1046 1991 verbo
1072 1930 1134 1992 isto
1161 1930 1249 2012 quod

301 2030 491 2093 factumest
514 2029 672 2093 danobis
697 2050 717 2092 a
742 2026 894 2106 Domino,
917 2028 982 2094 fere
1008 2030 1163 2093 incertum
1190 2043 1249 2106 est,

301 2132 399 2195 etiam
420 2131 496 2194 milri
522 2130 640 2194 diutius
670 2128 872 2193 deliberanti.
927 2132 1034 2203 Quum
1064 2132 1149 2194 enim
1175 2134 1250 2195 sub-

300 2234 479 2296 vectionem
495 2242 628 2295 restram
651 2232 823 2315 praesertim
840 2232 881 2295 de
895 2232 990 2294 bonis
1004 2232 1124 2296 meritis
1139 2254 1250 2316 proce·

300 2331 429 2396 dentem
444 2333 580 2406 intueor,
597 2332 715 2395 divinas
738 2332 968 2413 dispensationi
989 2334 1202 2414 congratulor,
1217 2344 1251 2398 et

300 2434 468 2497 virtutibus
483 2456 562 2518 quas
577 2456 597 2497 a
610 2434 761 2517 primaeva
781 2445 872 2497 etate
888 2445 989 2498 vestra
1003 2436 1089 2497 velut
1103 2435 1135 2497 in
1152 2436 1250 2499 altero

299 2536 479 2618 patriarcba
500 2531 605 2601 Jacob
631 2545 873 2601 succrescentes
899 2549 931 2599 et
953 2536 1159 2619 proficientes
1183 2557 1250 2600 am·

300 2637 511 2720 plectebatur,
535 2648 566 2701 et
595 2651 630 2701 ut
653 2637 784 2702 omnino
814 2638 974 2700 nescirent
999 2638 1171 2716 desectum,
1194 2659 1250 2703 eas

301 2740 462 2803 continuae
471 2740 624 2803 orationis
634 2751 665 2803 et
676 2739 873 2824 quotidianae
884 2739 1119 2804 benedictionis
1128 2739 1251 2803 auxilio

297 2842 481 2904 roborabat.
525 2840 588 2905 Sed
605 2863 703 2925 quum
720 2862 763 2904 ex
779 2840 844 2903 alio
865 2840 963 2903 latere
977 2841 1044 2918 illa,
1060 2863 1132 2924 quae
1147 2850 1250 2924 quon·

304 2940 376 3003 dam
394 2941 451 3004 luit
472 2941 592 3022 inclyta
612 2941 863 3004 saresberiensis
886 2941 1022 3003 ecclesia
1035 2942 1121 3004 velut
1139 2942 1251 3005 orbata

302 3061 361 3103 suo
377 3042 444 3102 sole
459 3061 493 3103 se
508 3040 607 3102 menti
622 3039 747 3122 ingerit,
762 3051 794 3102 et
809 3041 913 3102 clerus
934 3060 1103 3103 occurrens
1117 3052 1251 3104 moestus

299 3140 488 3203 lacrimabili
517 3161 597 3203 voce
631 3137 821 3221 ingeminat,
850 3142 954 3203 Pater
981 3142 1039 3217 mi,
1067 3149 1167 3221 pater
1195 3145 1253 3219 mi,

301 3261 418 3305 currus
435 3242 541 3305 Israel
559 3250 593 3306 et
610 3245 731 3324 euripo
748 3242 829 3325 ejas,
843 3264 900 3307 our
913 3263 972 3305 nos
987 3241 1117 3319 deseris,
1131 3254 1186 3306 aut
1200 3242 1252 3307 cui

301 3363 360 3407 nos
386 3342 547 3408 desolatos
569 3341 745 3427 relinquis?
776 3345 866 3406 etin
892 3344 979 3407 hunc
1003 3343 1133 3408 modum
1160 3345 1254 3425 plura

302 3446 530 3527 multiplicans,
542 3468 614 3528 quae
630 3446 755 3508 facilius
767 3457 816 3507 est
827 3446 978 3525 cogitare,
992 3465 1087 3527 quam
1099 3444 1236 3507 scribere
1243 3467 1252 3521 ;

301 3546 472 3610 lachrimas
494 3547 656 3609 continere
678 3566 745 3607 non
767 3553 899 3627 possum
923 3543 1003 3626 quin
1025 3545 1152 3626 lugeam
1180 3565 1253 3608 oum

302 3645 497 3725 lugentibus,
526 3657 559 3706 et
594 3639 841 3725 participatione
877 3641 997 3705 doloris
1033 3642 1143 3708 matris
1172 3664 1253 3708 meaa

304 3743 555 3808 Saresberiensis
575 3742 731 3821 ecclesiae,
747 3763 867 3805 moram
883 3763 1009 3825 geram3
1032 3766 1130 3829 quum
1146 3744 1254 3827 cogito

303 3844 344 3907 de
359 3864 555 3918 successore,
574 3846 819 3928 competitorum
842 3846 935 3908 turba
957 3847 1127 3925 concurrit,
1149 3847 1206 3911 sed
1227 3848 1255 3911 si

307 3941 378 4026 quis
389 3941 430 4004 sit
441 3962 535 4026 quem
546 3942 670 4005 animus
680 3963 770 4006 meus
780 3942 914 4027 conjicit
922 3943 1002 4006 alios
1012 3964 1255 4026 praecessurum,

304 4042 481 4107 decessoris
503 4041 611 4107 habita
633 4043 814 4122 collatione,
839 4041 972 4127 perinde
996 4043 1141 4120 habetur,
1162 4062 1201 4105 ac
1227 4045 1255 4107 si

304 4145 449 4211 Phaeton
470 4168 580 4210 currus
603 4158 754 4230 paternos
778 4158 920 4230 usurpet.
965 4142 1068 4226 Cujus
1092 4164 1166 4224 ergo
1190 4138 1256 4208 tam>

303 4246 436 4311 ferreum
451 4257 565 4330 pectus
579 4258 639 4324 est,
653 4259 689 4310 ut
709 4248 875 4311 continere
889 4244 1036 4308 lacrimas
1051 4242 1172 4327 possit?
1210 4248 1256 4311 Et

303 4346 447 4429 profecto
469 4358 663 4430 conceptum
686 4346 727 4409 de
749 4347 950 4429 promotione
974 4356 1077 4410 vestra
1102 4346 1256 4427 gaudium

305 4466 469 4527 emergens
483 4447 525 4509 ab
540 4446 685 4510 ecclesiae
708 4445 907 4509 desolatione
923 4444 1048 4508 tristitia
1061 4447 1257 4527 absorberet,

301 4547 365 4611 nisi
400 4548 535 4612 Ethicns
563 4548 672 4612 animo
699 4548 871 4625 intimaret,
900 4547 979 4631 quia
1002 4546 1105 4611 “suis
1133 4548 1255 4613 incom-

304 4649 409 4715 modis
428 4648 513 4731 angi,
527 4671 593 4713 nou
608 4649 713 4727 amici,
727 4648 785 4713 sed
807 4669 843 4711 se
866 4648 1003 4712 amantis
1018 4649 1095 4712 est”
1141 4648 1257 4736 ltaque

302 4752 410 4815 animo
425 4754 610 4815 consolatus
632 4749 818 4833 adquiesco,
834 4762 867 4813 et
889 4750 1007 4831 gratiss
1021 4771 1083 4831 ago
1103 4752 1186 4830 Deo,
1200 4754 1257 4837 qui

302 4853 389 4917 solus
405 4864 520 4938 potens
536 4862 597 4930 est,
609 4860 641 4916 et
652 4849 823 4936 splendore
839 4858 944 4914 vestro
956 4850 997 4914 sd
1008 4851 1140 4933 gloriam
1156 4872 1258 4932 suam,
