3300 6434
340 1199 381 1257 46
598 1211 734 1260 sonante
750 1210 1033 1256 sanesnntunnsis
1202 1195 1248 1274 [a.
1266 1214 1297 1258 n.

342 1383 438 1438 mere,
454 1373 484 1425 et
501 1372 618 1439 tenere,
633 1361 686 1424 sed
703 1383 759 1425 nec
775 1361 914 1446 aliquem
930 1361 1079 1448 recipere,
1093 1363 1151 1428 nisi
1167 1364 1298 1427 consilio

342 1473 460 1535 vestro,
473 1458 550 1523 dum
564 1482 614 1524 res
625 1458 657 1524 in
669 1460 811 1545 pendulo
822 1474 882 1540 est,
893 1461 924 1525 in
941 1484 1039 1546 regno
1051 1476 1158 1527 vestro
1172 1463 1295 1528 licitum

341 1584 407 1626 esse
429 1560 605 1627 credimus:
638 1586 695 1627 uec
717 1563 847 1649 expedit
862 1563 972 1650 aliquo
994 1563 1090 1628 modo
1106 1580 1142 1630 ut
1164 1565 1298 1631 ecclesia

341 1661 518 1749 Anglornm
544 1663 697 1729 Romanae
719 1666 859 1731 ecclesian
882 1665 1044 1730 scindatur
1065 1668 1224 1754 exemplo,
1248 1667 1297 1731 vel

341 1787 440 1850 regno
465 1779 497 1829 et
526 1765 702 1830 sacerdotio
727 1779 859 1853 praestet
884 1768 1049 1832 materiam
1073 1768 1297 1834 contendendi.

342 1867 449 1944 Quum
461 1888 538 1950 ergo
552 1866 772 1953 episcoporum
789 1867 932 1954 quidam,
944 1883 974 1932 et
991 1869 1144 1934 abbatum
1160 1873 1295 1936 Romam

341 1980 414 2031 eant
429 1978 486 2030 aut
507 1965 646 2046 mittant,
661 1967 741 2052 quid
757 1967 910 2031 faciemus
932 1990 1000 2044 nos,
1016 1968 1072 2053 qui
1087 1990 1155 2054 prae
1175 1969 1297 2035 caeteris

341 2067 516 2155 pendemus
541 2090 561 2132 a
586 2068 716 2132 consilio
743 2083 861 2144 vestro,
888 2082 919 2133 et
947 2092 1055 2135 sumus
1081 2094 1148 2156 prae
1174 2073 1297 2137 caeteris

342 2172 496 2237 Romanas
508 2170 647 2235 eeclesiae
655 2170 809 2255 obligati?
834 2170 996 2257 Quicquid
1009 2173 1092 2236 enim
1103 2173 1157 2238 alii
1167 2174 1297 2250 faciant,

342 2295 398 2337 nos
423 2296 491 2337 cam
517 2295 556 2337 ex
584 2273 780 2358 professione
807 2288 915 2337 nostra
943 2276 1074 2339 statutis
1099 2275 1297 2362 temporibus

342 2375 485 2458 cogimur
508 2373 645 2437 visitare.
692 2374 765 2437 Erit
787 2388 893 2437 autern
916 2376 1006 2440 nobis
1028 2377 1251 2463 periculosum,
1271 2380 1296 2443 si

343 2475 429 2562 apud
446 2498 531 2550 eum,
546 2475 604 2561 qui
627 2474 771 2539 victurus
790 2489 851 2553 est,
867 2499 962 2562 quem
981 2479 1121 2542 nondum
1139 2482 1295 2555 novimus,

343 2578 396 2641 alii
412 2577 468 2663 qui
481 2577 586 2641 minus
597 2576 726 2639 honoris
736 2577 778 2641 ab
789 2576 920 2641 ecclesia
935 2576 1080 2643 Romana
1096 2596 1296 2667 acceperunt,

344 2680 542 2744 devotionem
577 2690 715 2742 nostram
750 2680 971 2764 praevenerint.
1027 2683 1157 2746 Dicitur
1189 2698 1294 2747 autem

344 2780 430 2869 quod
458 2782 604 2866 majestas
630 2793 735 2844 vestra
761 2780 953 2866 quibusdam
982 2781 1070 2847 dedit
1098 2783 1174 2848 illuc
1199 2786 1296 2848 eundi

342 2882 513 2958 licentiam,
535 2896 567 2947 et
595 2880 779 2945 nominatim
807 2881 857 2945 his
878 2882 936 2966 qui
959 2881 1108 2949 laetantur
1133 2883 1173 2949 de
1195 2899 1297 2950 morte

347 2983 494 3060 Adriani,
509 2982 577 3068 qui,
592 2982 673 3046 sicut
688 2991 789 3046 mater
810 2982 938 3046 unicum
954 2997 1038 3047 amat
1055 2984 1169 3066 filium,
1182 2986 1228 3051 ita
1243 3009 1298 3050 vos

344 3082 516 3168 diligebat:
544 3096 577 3146 et
593 3093 666 3146 sunt
687 3079 833 3145 nonnulli
856 3104 979 3163 eorum,
993 3083 1075 3148 sieut
1096 3085 1218 3151 celebre
1238 3103 1297 3164 est,

345 3185 377 3248 in
393 3182 514 3247 insidiis
529 3205 670 3269 pereum
680 3195 740 3267 'aut
757 3182 898 3247 ecclesiae
913 3200 1038 3249 nostrae.
1074 3187 1298 3273 supplicamus

344 3286 454 3373 itaque
476 3283 638 3349 dulcedini
661 3296 786 3362 vestrae,
802 3298 839 3349 ut
856 3285 888 3349 in
912 3285 970 3349 hae
993 3300 1084 3371 parte
1104 3289 1299 3374 provideatis

344 3386 443 3462 aetati,
466 3383 642 3449 infirmitati
666 3397 794 3462 nostrie,
809 3398 842 3449 et
863 3386 951 3471 quod
975 3387 1075 3471 magis
1095 3400 1244 3473 optamus
1266 3405 1298 3455 et

343 3510 481 3564 oramus,
503 3485 616 3572 gloriae
643 3502 766 3551 vestrae.
812 3491 843 3551 Α
871 3487 967 3552 modo
988 3488 1071 3553 anim
1094 3488 1162 3574 jam
1186 3491 1298 3557 breves

344 3603 436 3655 erunt
452 3589 520 3655 dies
535 3588 649 3664 nostri,
665 3611 721 3652 nec
736 3611 795 3675 pro
817 3591 862 3654 eis
876 3590 1014 3655 multum
1037 3591 1242 3657 sollicitamur
1257 3594 1298 3658 ad

344 3712 492 3778 praesens,
504 3689 558 3753 sed
574 3712 633 3773 pro
645 3687 778 3754 eeclesia
793 3692 1027 3771 cantuariensi,
1039 3718 1134 3781 quam
1151 3696 1300 3783 parvitati

346 3812 424 3856 meae
453 3800 485 3852 et
515 3788 670 3873 majestati
695 3806 809 3856 vestrae
832 3794 990 3858 commisit
1015 3797 1111 3862 Deus.
1158 3801 1227 3863 Nec
1251 3811 1300 3861 est

346 3889 434 3977 quod
460 3899 596 3951 vestram
622 3890 723 3974 magis
748 3891 859 3956 deceat
884 3892 1115 3973 excellentiam,
1139 3920 1236 3984 quam
1262 3912 1299 3962 ut

347 4013 414 4056 earu
431 3988 561 4054 servetis
582 3987 770 4053 indemnem.
817 3992 895 4076 Ipsa
916 4004 964 4055 cst
986 3992 1069 4055 enim
1088 4009 1186 4080 caput
1208 4001 1300 4081 regni

347 4093 454 4169 vestri,
470 4104 503 4156 et
518 4091 608 4155 vobis
628 4103 659 4155 et
676 4093 735 4157 toti
756 4114 868 4177 regno,
882 4091 957 4156 fidei
979 4114 1093 4179 parens
1111 4095 1144 4157 in
1162 4097 1300 4163 Christo.

347 4192 509 4280 Quicquid
530 4206 636 4257 autem
651 4194 680 4257 ei
702 4193 880 4258 detractum
900 4193 1008 4270 fuerit,
1032 4209 1173 4260 vestrum
1193 4197 1300 4261 detur-

345 4299 433 4386 pabit
451 4296 613 4374 honorem‚
624 4318 662 4357 eo
676 4296 764 4379 quod
780 4296 882 4360 honor
892 4295 1006 4383 eapitis
1021 4319 1114 4383 aeque
1126 4319 1299 4384 numquam

346 4414 461 4465 cetera
476 4396 617 4460 membra
632 4396 764 4461 decebit.
800 4399 956 4464 Ineautus
971 4412 1018 4464 est
1034 4398 1116 4463 enim
1133 4399 1187 4484 qui
1202 4414 1300 4487 caput

345 4500 478 4588 exponit
499 4498 658 4584 periculis,
683 4514 718 4562 ut
742 4498 912 4584 ignobilem
942 4501 990 4564 sui
1015 4500 1145 4565 honoret
1168 4514 1300 4587 partem.

348 4606 452 4686 Super
478 4600 528 4663 his
552 4613 758 4683 expectamus
783 4613 815 4664 et
840 4600 1058 4680 desideramus
1081 4602 1244 4670 consilium
1269 4616 1302 4666 et

348 4702 503 4768 auxilium
518 4714 670 4766 vestrum.
700 4701 814 4765 Valeat
830 4701 860 4765 in
874 4725 977 4768 aarum
994 4702 1175 4769 sublimitas
1187 4719 1301 4769 vestra.

349 4809 448 4872 Lator
463 4802 666 4888 praesentium
682 4825 748 4867 rem
765 4801 890 4889 plenius
905 4819 1053 4889 exponet.
