3300 6434
416 1197 475 1255 152
671 1210 807 1255 mamus
825 1210 1103 1255 saansaamnnns
1271 1194 1316 1273 [A.
1335 1213 1365 1255 n.

411 1359 526 1423 veteris
541 1360 687 1425 amicitioe
703 1358 904 1434 oblivionem,
927 1360 950 1423 si
969 1383 1030 1423 non
1055 1360 1159 1438 nobis,
1174 1359 1243 1425 aliis
1259 1373 1364 1424 tamen

411 1463 587 1547 significare
605 1464 761 1527 videatur.
805 1465 850 1527 Et
875 1463 950 1548 quia
971 1462 1127 1526 indelessa
1149 1462 1363 1527 sollicitudine

412 1586 507 1649 super
515 1563 683 1644 afflictione
695 1564 803 1628 matris
815 1577 1056 1630 nostraesanctae
1065 1563 1361 1627 Romanaeecclesiae

408 1666 531 1750 jugiter
552 1667 751 1731 concitantur
768 1667 887 1729 viscera
908 1682 1026 1742 nostra,
1043 1681 1074 1729 et
1090 1689 1145 1729 ora
1161 1664 1297 1728 filiorum
1317 1666 1365 1727 in-

411 1764 552 1829 fidelium
569 1765 755 1840 dilatantur,
772 1766 829 1851 qui
845 1765 983 1830 laborem
999 1766 1114 1850 capitis
1134 1789 1194 1850 pro
1212 1764 1363 1847 languore

412 1866 503 1931 nobis
524 1866 751 1952 improperant,
782 1867 913 1952 expedit
944 1880 980 1931 ut
1011 1880 1164 1942 vestrum,
1187 1882 1218 1931 et
1247 1878 1362 1929 sanctae

412 1968 566 2033 Romanae
583 1966 721 2031 ecclesiae
737 1981 868 2044 statum,
880 1981 911 2032 et
925 1968 950 2030 si
963 1982 1133 2052 tempestas
1148 1966 1253 2030 adhuc
1265 1978 1365 2030 cessat

410 2093 429 2133 a
450 2071 556 2133 seculo
579 2084 611 2133 et
633 2091 777 2132 serenum
803 2068 923 2132 futurae
947 2068 1033 2153 pacis
1056 2064 1202 2130 alicunde
1227 2065 1363 2152 resplen-

410 2168 497 2245 deat,
520 2169 633 2234 litteris
649 2191 729 2255 quas
753 2167 783 2231 in
806 2183 900 2252 gente
915 2182 1023 2231 nostra
1036 2167 1076 2230 ad
1093 2167 1360 2231 confirmationem

410 2270 551 2333 fidelium
574 2270 731 2356 possimus
752 2268 929 2344 ostendere,
961 2269 1052 2334 nobis
1082 2269 1250 2354 significari
1281 2291 1361 2354 prae-

408 2370 543 2455 cipiatis.
589 2373 645 2435 Me
667 2371 771 2454 gravis
788 2370 919 2454 languor
936 2370 1137 2455 exigentibus
1155 2370 1258 2455 culpis
1280 2371 1359 2436 meis

409 2486 518 2536 oestate
533 2476 697 2557 proeterita
711 2471 849 2536 adduxit
865 2472 905 2534 ad
926 2487 1035 2556 portas
1050 2473 1171 2548 mortis,
1186 2473 1238 2535 cui
1255 2496 1304 2536 me
1319 2474 1359 2537 ad

408 2573 567 2637 modicum
594 2575 680 2638 sacto
703 2576 771 2659 jam
799 2588 1000 2651 testamento,
1030 2575 1188 2659 rebusque
1212 2574 1359 2639 omnibus

410 2674 574 2759 usquead
598 2675 717 2737 victum
742 2688 867 2738 tenuem
892 2675 1042 2759 erogatis,
1062 2674 1198 2737 clemens
1216 2678 1359 2760 omnipo-

409 2778 505 2841 tentis
527 2801 651 2853 manus,
683 2792 720 2842 ut
742 2777 800 2842 hac
825 2779 905 2843 urbe
927 2781 1050 2841 morula
1073 2777 1163 2842 liceat
1178 2779 1358 2842 'commissa

408 2878 534 2953 deflere,
562 2880 727 2945 subduxit.
773 2883 825 2944 De
849 2879 973 2965 reliquo
995 2900 1133 2964 namque
1156 2881 1268 2944 breves
1283 2893 1357 2944 sunt

409 2980 476 3044 dies
492 2983 561 3046 mei.
608 2984 724 3045 Verum
743 2996 777 3045 ut
793 2980 898 3043 anima
913 2981 953 3044 de
968 2981 1071 3045 carnis
1080 2986 1240 3066 ergastulo
1254 2982 1358 3046 laetior

408 3096 512 3162 exeat,
526 3083 565 3146 ad
581 3098 783 3169 conspectum
799 3081 953 3146 Altissimi
971 3083 1092 3165 gratias
1108 3106 1165 3167 pro
1180 3083 1359 3148 benefacto·

406 3181 495 3245 ribus
516 3195 637 3253 actura,
654 3182 694 3244 ad
711 3181 807 3267 pedes
821 3180 995 3244 clementiae
1018 3194 1130 3243 vestrae
1153 3193 1221 3244 tota
1242 3184 1357 3247 mentis

406 3284 581 3348 intentione
594 3284 686 3368 jaceo
708 3283 907 3369 provolutus,
925 3294 962 3345 ut
983 3281 1210 3367 professionem
1231 3283 1356 3347 abbatis

407 3386 506 3451 sancti
522 3385 709 3469 Augustini,
725 3407 820 3471 quam
837 3406 945 3447 omnes
964 3382 1208 3467 praedecessores
1222 3382 1284 3446 mei
1300 3385 1355 3447 ha-

406 3487 557 3565 buerunt,
572 3501 603 3549 et
626 3486 703 3550 mihi
720 3486 900 3560 novissimo,
923 3497 955 3548 et
969 3485 1111 3547 onmium
1126 3484 1257 3548 minimo
1271 3508 1357 3549 nunc

406 3613 465 3676 pro
494 3589 574 3653 bene
597 3585 714 3675 placito
744 3603 849 3652 vestro
881 3587 1092 3663 subtrahitur,
1115 3586 1254 3651 ecclesiae
1277 3613 1355 3653 meae

404 3690 588 3755 restituatis.
633 3689 698 3753 Hic
713 3704 761 3753 est
770 3688 852 3752 enim
870 3688 960 3753 dolor
970 3688 1022 3752 ille
1032 3689 1155 3767 unicus,
1170 3688 1228 3776 qui
1240 3714 1355 3777 corpus

403 3815 507 3856 meum
524 3790 715 3874 depascitur,
738 3789 853 3853 lacerat
871 3794 1009 3854 animum
1026 3790 1124 3856 imum
1140 3805 1172 3855 et
1193 3792 1354 3857 invalescit

404 3907 527 3959 tantum
544 3893 603 3955 hoc
612 3891 672 3954 sub
685 3904 811 3976 pectore
827 3890 954 3967 vulnus,
969 3903 1006 3953 ut
1016 3914 1066 3953 me
1076 3892 1232 3975 patienter
1243 3894 1353 3959 audiat

400 3995 565 4058 clementia
590 4005 714 4056 vestra:
743 4012 859 4053 moeror
881 4004 911 4053 et
943 3989 1048 4067 doleo,
1071 3991 1158 4075 quod
1191 3996 1355 4073 praeterita

399 4096 523 4180 hyeme,
536 4117 592 4158 nec
607 4093 638 4156 in
656 4114 718 4155 una
733 4087 945 4176 petitiuncula
959 4089 1048 4173 potui
1071 4089 1229 4167 exaudiri,
1251 4115 1350 4176 quum

398 4196 542 4261 monachi
554 4199 586 4262 S.
599 4193 776 4277 Augustini
792 4207 902 4255 contra
916 4213 966 4254 me
976 4190 1213 4255 multitudinem
1226 4192 1353 4256 obtinu-

396 4298 477 4362 erint
490 4298 675 4361 litterarum.
710 4294 849 4359 Litteras
872 4292 952 4369 illas,
968 4314 1048 4378 quas
1070 4291 1153 4356 solus
1169 4316 1227 4377 pro
1250 4294 1351 4372 nobis,

397 4396 437 4461 de
453 4397 580 4481 negotio
591 4396 647 4460 illo
662 4394 762 4458 nostri
778 4393 869 4457 vobis
890 4392 994 4456 nuntii
1006 4393 1194 4465 attulerunt,
1212 4394 1351 4457 Domino

395 4511 486 4570 teste,
499 4518 558 4580 pro
571 4495 746 4559 reverentia
756 4504 789 4556 et
800 4494 919 4556 honore
936 4505 1053 4573 vestro,
1065 4515 1160 4577 quem
1171 4495 1349 4558 conservari

395 4596 541 4661 desidero
559 4620 681 4681 semper
702 4596 848 4673 illaesum,
875 4595 953 4658 nulli
975 4594 1082 4658 adhuc
1104 4593 1224 4658 credidi
1246 4611 1351 4658 osten-

383 4695 525 4760 dendas.
561 4699 643 4779 Ego,
655 4720 751 4781 quum
766 4697 828 4761 illis
839 4700 954 4782 placet,
967 4719 1005 4759 ex
1017 4695 1167 4759 mandato
1180 4712 1295 4774 vestro,
1307 4698 1346 4759 ad

397 4801 664 4880 suffraganeorum
682 4823 821 4862 meorum
840 4798 977 4862 tribunal
994 4799 1163 4883 protrahor
1173 4815 1204 4861 et
1218 4800 1347 4868 invitus,
