3300 6434
297 1248 406 1322 itta]
677 1260 856 1305 EPISTOLAE.
1189 1243 1248 1302 197

291 1411 502 1487 Wintoniam,
519 1411 574 1474 sed
591 1411 667 1473 mibi
688 1411 727 1473 de
744 1411 878 1473 veritate
899 1432 960 1472 non
976 1421 1109 1474 constat.
1157 1413 1239 1473 Item

289 1510 418 1587 dicitnr,
435 1510 521 1596 quod
534 1510 687 1596 episcopi,
701 1514 883 1594 inquorum
895 1509 1131 1594 episcopatibus
1146 1510 1243 1574 eccle-

291 1613 345 1677 siae
361 1626 475 1677 vestrae
495 1624 581 1689 sunt,
597 1611 628 1673 in
644 1612 691 1674 eis
707 1611 801 1673 modo
815 1610 1070 1693 jurisdictionem
1086 1625 1245 1692 exercent,

291 1734 330 1776 eo
345 1712 432 1798 quod
449 1712 553 1777 clerici
567 1713 664 1776 vestri
674 1711 801 1776 attoniti
813 1734 898 1774 nuuc
911 1711 1027 1775 mutire
1038 1733 1099 1774 nou
1113 1711 1242 1777 audent.

293 1814 356 1879 Sed
380 1814 476 1877 miror
499 1814 650 1877 siverunt
673 1827 732 1895 est,
754 1814 812 1877 nisi
837 1814 912 1899 quia
933 1813 1026 1876 facile
1055 1813 1244 1877 crediderim

291 1940 344 1979 eos
359 1916 494 1979 libenter
509 1916 590 1980 velle
603 1917 742 2000 irrepere
757 1938 963 2001 quocumque
974 1915 1077 1989 modo,
1092 1928 1128 1980 ut
1144 1938 1246 2001 quan-

292 2015 398 2102 doque
418 2015 522 2080 dicere
544 2020 668 2101 possint
691 2039 723 2079 se
741 2015 927 2099 possedisse.
974 2014 1068 2093 Nam,
1085 2029 1120 2081 ut
1136 2018 1244 2093 audio,

294 2116 438 2182 Sefridus
467 2118 674 2184 cicestrensis
703 2131 834 2181 vacante
866 2117 1087 2180 cantuariensi
1117 2117 1247 2183 ecclesia

292 2222 335 2283 sic
349 2220 517 2305 occupavit
531 2220 675 2284 ecclesias
689 2219 768 2294 illas,
784 2219 825 2282 de
840 2220 960 2303 quibus
982 2240 1066 2283 nunc
1081 2219 1245 2285 contendit

292 2342 452 2385 successor
463 2323 542 2407 ejus.
568 2320 610 2385 Et
620 2322 694 2386 licet
703 2319 888 2384 incredibile
898 2320 938 2384 sit
948 2319 1034 2406 quod
1045 2319 1104 2382 hoc
1115 2319 1245 2400 faciant,

292 2420 368 2486 mihi
386 2436 490 2487 tamen
505 2425 622 2488 bonum
641 2423 777 2498 videtur,
791 2433 828 2486 ut
843 2421 932 2485 vobis
946 2422 1147 2506 prospiciatis
1155 2422 1243 2507 apud

292 2524 456 2588 dominum
480 2548 606 2611 papam,
630 2525 807 2608 impetratis
830 2523 929 2587 literis
954 2524 1023 2608 ejus
1049 2523 1244 2607 patentibus,

291 2646 331 2685 ue
343 2622 564 2688 cantuariensi
576 2625 713 2688 ecclesiae
728 2623 759 2686 in
773 2636 932 2707 posterum
949 2637 1070 2699 noceat,
1080 2621 1243 2708 quidquid

293 2738 479 2810 tempestate
493 2726 552 2791 hac
572 2725 724 2790 adversus
739 2748 807 2789 eam
828 2726 926 2788 fuerit
942 2738 1143 2810 usurpatum.
1180 2724 1244 2788 Sed

292 2848 365 2911 quae
390 2843 547 2913 geruntur
571 2829 603 2891 in
626 2828 752 2911 Anglia‚
779 2827 895 2912 saepius
921 2826 1040 2889 auditis
1058 2840 1090 2889 et
1114 2829 1242 2890 certius.

293 2928 371 2992 Ideo
385 2951 507 3013 precor,
525 2943 561 2992 ut
577 2928 618 2992 de
633 2943 719 2992 statu
736 2942 841 2992 vestro
856 2941 886 2991 et
904 2928 1011 3004 curiae,
1027 2940 1115 2991 etan
1130 2927 1240 3004 abbas,

292 3052 387 3113 quem
411 3028 559 3092 dominus
582 3051 665 3112 papa
680 3027 712 3090 in
735 3030 882 3112 Angliam
908 3028 1090 3103 transmisit,
1114 3028 1243 3093 redierit

292 3130 410 3203 adhuc,
429 3151 478 3191 me
493 3150 550 3211 per
565 3128 695 3192 latorem
712 3128 917 3213 proesentium
933 3128 1113 3193 certioretis.
1155 3130 1243 3192 Prae·

293 3244 379 3294 terea
392 3231 491 3296 nolite
505 3230 650 3294 oblivisci
666 3232 799 3293 verbum
815 3229 1044 3314 Lugdunense,
1057 3230 1142 3295 unde
1158 3230 1244 3295 solli·

291 3334 413 3398 citastis
427 3332 591 3397 dominum
610 3334 786 3395 Henricum
806 3331 966 3396 Pisanum.

230 3452 233 3459 ⁴
336 3434 456 3510 Valete,
479 3446 511 3496 et
534 3431 675 3496 reducite
697 3432 736 3494 ad
768 3432 962 3507 memoriam,
989 3454 1086 3516 quam
1110 3432 1244 3516 impiger

290 3535 331 3598 ad
346 3536 535 3619 obsequium
562 3535 619 3597 Dei
635 3532 733 3596 fuerit
754 3531 899 3595 decessor
913 3546 1017 3595 vester
1038 3555 1075 3595 ea
1089 3534 1158 3617 ipsa
1180 3532 1241 3614 die,

292 3658 357 3719 qua
376 3636 466 3699 obiit.
509 3632 643 3696 Valeant
658 3654 767 3695 omnes
782 3632 890 3695 vestri.
931 3632 1057 3698 Salutat
1071 3656 1128 3698 vos
1142 3634 1242 3700 abbas

291 3758 391 3815 meus,
405 3747 437 3799 et
459 3735 625 3819 episcopus
642 3731 893 3811 catalaunensis,
908 3756 980 3798 eum
1000 3757 1065 3821 quo
1088 3734 1242 3821 loquutus

291 3859 374 3912 sum,
392 3849 429 3899 ut
450 3857 547 3898 unurn
565 3835 605 3897 de
628 3834 748 3898 clericis
771 3834 882 3898 vestris
902 3835 1044 3921 recipiat,
1065 3837 1120 3922 qui
1137 3838 1240 3902 libens

290 3935 472 4023 acquiescit,
495 3936 528 4001 id
551 3935 720 4000 dumtaxat
736 3948 856 4021 petens,
881 3952 917 4002 ut
940 3938 1077 4023 aliquem
1100 3940 1240 4023 probum

290 4040 448 4104 hominem
482 4039 625 4103 mittatis.
685 4040 831 4124 Recipiet
864 4053 970 4103 tamen
1005 4061 1239 4125 quemcumque

288 4141 447 4205 miseritis.
492 4144 557 4206 Vos
579 4154 685 4205 autern
707 4139 808 4204 sicubi
833 4140 1068 4203 transmiseritis
1089 4138 1239 4224 aliquem,

287 4241 434 4306 instruite
456 4264 541 4318 eum,
559 4256 595 4304 ut
617 4242 759 4303 modeste
783 4263 814 4302 se
838 4239 974 4303 habeat:
998 4238 1074 4322 quia
1097 4239 1238 4303 homines

286 4342 383 4426 hujus
398 4343 486 4424 regni
502 4340 637 4404 modesti
653 4355 737 4403 sunt.
