3300 6434
347 1113 455 1232 lisa]
730 1173 908 1219 eersroun.
1233 1163 1296 1221 297

343 1338 436 1389 tenus
452 1326 604 1409 permittit
613 1325 779 1390 sinceritas
795 1327 946 1400 caritatis,
958 1337 1024 1389 tota
1034 1337 1141 1390 mente
1153 1348 1295 1403 veneror,

343 1441 375 1490 et
400 1429 587 1513 amplector,
612 1427 812 1512 persuadete,
839 1440 875 1491 ut
898 1427 996 1512 juxta
1022 1427 1108 1511 quod
1134 1429 1297 1513 Propheta

344 1541 465 1606 monet,
480 1530 624 1594 reflectat
638 1529 750 1592 oculos
765 1531 881 1593 mentis
897 1528 938 1592 ad
960 1549 1035 1593 suas
1045 1541 1082 1592 et
1103 1528 1224 1593 domini
1247 1531 1297 1593 sui

345 1631 422 1708 rias,
437 1643 470 1693 ct
484 1642 583 1713 ponat
596 1652 652 1694 cor
666 1650 762 1713 super
776 1630 858 1706 illas,
874 1640 907 1693 et
921 1652 987 1694 non
1009 1629 1125 1694 amodo
1148 1630 1298 1714 subjiciat

346 1732 377 1794 ei
407 1732 528 1809 mollia,
556 1752 688 1813 sperans
718 1732 750 1793 in
779 1731 903 1794 incerto
934 1730 1114 1794 divitiarum
1143 1742 1176 1794 et
1204 1732 1299 1795 variis

346 1832 557 1895 lenocinantis
597 1833 730 1895 fortunae
772 1831 1009 1910 blandimentis,
1044 1832 1299 1916 memineritque,

347 1931 434 2017 quod
450 1933 582 1996 summis
597 1945 748 2014 negatum
770 1944 819 1996 cst
841 1944 922 1996 stare
945 1932 1011 2009 diu,
1026 1945 1059 1996 et
1079 1944 1153 1996 ante
1174 1933 1297 1997 minam

328 2027 507 2097 'exaltatur
536 2054 601 2096 cor.
660 2035 745 2096 Nam
784 2043 1077 2117 quantumcumque
1111 2033 1298 2112 dissimulet,

347 2135 436 2197 novit
451 2135 641 2198 sententiam
657 2135 805 2218 pastoris,
821 2134 912 2217 justa
927 2134 969 2197 sit
983 2155 1023 2197 au
1038 2134 1169 2217 injusta,
1184 2134 1299 2197 timen-

348 2235 421 2297 dam
437 2257 518 2298 essc.
555 2235 641 2307 Quid
657 2234 778 2298 multa?
803 2237 831 2298 si
846 2244 952 2318 potest
968 2234 1049 2297 Loth
1064 2256 1135 2298 esse
1147 2235 1180 2298 in
1197 2235 1299 2299 Sodo-

347 2337 418 2416 mis,
432 2336 555 2419 Joseph
571 2338 603 2400 in
620 2338 693 2399 aula
715 2336 902 2412 Pharaonis,
918 2336 1016 2400 Cusai
1031 2337 1065 2398 in
1081 2336 1251 2418 colloquiis
1267 2346 1299 2399 et

349 2437 490 2499 consiliis
506 2437 659 2514 Absalon,
677 2437 797 2500 Abdias
811 2438 846 2498 in
866 2437 1022 2518 obsequio
1038 2436 1150 2499 Achab
1167 2446 1200 2499 et
1221 2456 1297 2499 con·

347 2537 444 2599 sertio
458 2534 603 2611 Jezabel,
620 2538 647 2599 si
664 2538 781 2600 Daniel
795 2539 827 2600 in
853 2537 1038 2618 Babylone:
1068 2537 1144 2599 illuc
1168 2537 1300 2599 salubri·

349 2652 395 2700 ter
416 2638 476 2700 tibi
497 2651 530 2700 et
551 2638 614 2700 illis
637 2638 859 2721 proficisceris,
882 2639 999 2721 quibus
1024 2636 1243 2719 persuadebis,
1265 2652 1302 2701 ut

349 2739 531 2801 custodiant
553 2740 782 2811 innocentiam,
805 2749 838 2802 et
860 2738 990 2802 rideant
1013 2739 1204 2821 aequitatem,
1220 2759 1300 2822 quo·

348 2838 435 2901 uiam
451 2850 526 2902 sunt
538 2839 678 2922 reliquia
695 2838 815 2901 homini
831 2839 989 2920 pacifico:
1021 2851 1053 2901 et
1068 2859 1168 2921 quum
1189 2839 1300 2921 injusti

349 2938 442 3000 simul
452 2937 645 3020 dispereant,
656 2937 907 3022 salusjustorum
918 2947 1137 3020 expectatura
1148 2938 1301 3016 Domino,

350 3038 405 3121 qui
427 3037 532 3102 fidelis
554 3048 604 3102 cst
625 3039 658 3101 in
680 3038 856 3121 promissis,
871 3046 905 3100 et
927 3037 1047 3100 electos
1062 3057 1138 3100 suos
1157 3057 1252 3121 supra
1266 3038 1301 3103 id

350 3140 438 3223 quod
461 3151 605 3225 possunt,
628 3140 743 3204 tentari
766 3131 831 3202 nhn
856 3139 983 3221 patitur,
1006 3138 1063 3202 sed
1085 3140 1132 3202 eis
1155 3141 1302 3204 universa

350 3257 561 3327 cooperantur
583 3243 615 3306 iu
642 3243 772 3307 bonurn.
822 3240 891 3305 Iter
915 3252 948 3305 et
973 3253 1063 3306 actus
1088 3255 1161 3306 tuos
1187 3241 1302 3325 dirigat

352 3346 521 3409 Dominus.

352 3589 573 3653 EPlSTOLA
596 3588 870 3653 CLXXXl.—an
885 3604 1039 3650 neuneu.
1076 3587 1122 3667 [a.
1139 3606 1171 3649 n.
1190 3588 1298 3670 neu]

595 3720 760 3801 Mapistro
776 3719 923 3797 Recluso
940 3720 1055 3801 Nicro.

279 3858 283 3866 '
395 3850 500 3912 Fmss
526 3857 559 3912 et
583 3846 712 3911 devotio
739 3857 793 3910 tua
814 3848 1029 3911 testimonium
1057 3849 1178 3912 habent
1199 3850 1302 3935 majus

352 3953 488 4027 Joanne,
514 3971 587 4034 quse
616 3971 682 4012 non
712 3952 878 4013 verborum
908 3950 1054 4033 strepitu,
1083 3947 1139 4012 sed
1169 3970 1303 4032 operum

351 4051 550 4116 exhibitione
566 4051 756 4115 clarescunt.
802 4050 888 4112 Nam
909 4060 942 4112 et
956 4048 978 4109 J
981 4070 1055 4112 esus
1070 4049 1195 4125 veritas,
1211 4049 1303 4134 cujus

353 4152 474 4215 utinam
497 4151 543 4213 sic
565 4150 741 4213 imitatores
760 4149 872 4225 simus,
891 4148 975 4211 sicut
996 4168 1107 4211 sumus
1130 4160 1162 4213 et
1184 4150 1304 4231 profes·

353 4274 452 4331 sores,
467 4253 703 4314 attestationem
718 4270 853 4333 operum
866 4250 887 4311 J
889 4249 1002 4312 oannis
1026 4246 1208 4313 testimonio
1222 4272 1302 4334 prse-

353 4355 424 4431 fert,
438 4373 502 4415 non
517 4352 579 4416 hoe
604 4351 735 4436 quidem
751 4348 971 4413 condemnans
993 4362 1030 4414 nt
1051 4351 1232 4433 reprobum,
1247 4352 1305 4415 sed

353 4452 387 4516 id
410 4464 560 4536 tanquam
583 4451 780 4534 probabilius
803 4450 851 4513 sui
875 4450 1059 4513 innocentia
1081 4451 1204 4514 censuit
1224 4472 1305 4535 prae·

354 4554 530 4619 ferendum.
582 4551 748 4637 Siquidem
778 4572 876 4635 opera
904 4550 1058 4636 cujusque
1089 4553 1304 4617 testimonium

353 4656 525 4738 perbibent
540 4653 579 4717 de
594 4676 650 4717 eo:
682 4664 716 4716 et
736 4654 840 4728 arbor,
855 4673 915 4716 nec
931 4674 974 4715 ex
989 4652 1038 4715 sui
1062 4649 1250 4737 proceritate
1273 4665 1305 4718 et

353 4757 479 4833 robore,
489 4776 549 4820 uec
566 4776 606 4820 ex
623 4775 778 4835 ramorum
795 4753 996 4818 multitudine
1010 4766 1042 4818 et
1057 4760 1231 4835 venustate,
1242 4778 1303 4821 neo
