3300 6434
297 1152 494 1231 llos-Gt]
685 1170 862 1216 arrsroaa.
1191 1156 1250 1215 119

290 1322 386 1384 sionis
418 1323 625 1408 peccantium,
650 1334 707 1385 aut
732 1321 968 1408 jucunditatem
1000 1320 1188 1402 devotionis,
1213 1334 1245 1387 et

290 1427 426 1488 salutem
449 1419 597 1499 fratrum,
621 1437 654 1488 ct
676 1424 847 1489 utilitatem
875 1424 1016 1487 omnium
1041 1422 1243 1488 auditorum:

290 1540 322 1593 et
337 1548 422 1590 nunc
440 1526 570 1612 quidem
592 1527 686 1591 rubet
706 1526 739 1590 in
759 1525 856 1590 calice
875 1524 1040 1612 passionis,
1056 1546 1141 1589 nunc
1161 1523 1247 1588 albet

290 1628 321 1690 iu
338 1631 505 1694 sanctitate
525 1641 556 1692 et
578 1627 737 1693 munditia
756 1628 931 1692 castitatis:
965 1649 1050 1690 nunc
1076 1627 1177 1691 fervet
1198 1649 1248 1690 ca-

290 1729 396 1805 ritate,
412 1751 497 1794 nunc
511 1729 633 1794 redolet
650 1729 809 1794 hilaritate
824 1729 1068 1793 conversationis
1086 1729 1245 1798 honestae:

291 1829 477 1895 subtiliatur
499 1831 671 1907 interdum,
693 1845 727 1896 ut
751 1833 895 1896 conserat
918 1830 1069 1910 delicatis,
1091 1853 1175 1894 nunc
1198 1853 1246 1895 so·

292 1931 377 1995 lidus
391 1946 449 2011 est,
465 1946 501 1997 ut
518 1932 702 1998 rudioribus
724 1933 867 2019 proficiat
888 1947 920 1997 et
943 1934 1070 2018 ignaris.
1117 1934 1199 1997 Sunt
1214 1945 1247 1996 et

292 2032 355 2097 illae
371 2033 569 2111 differentiae,
586 2057 667 2120 quas
683 2057 869 2099 enumerare
883 2033 1016 2120 longum
1037 2047 1096 2111 est,
1110 2055 1246 2119 quarum

295 2135 469 2220 quamlibet
495 2135 632 2200 Falerno
646 2135 843 2221 praetulerim
863 2149 920 2200 aut
940 2134 1176 2211 Panormitano,
1191 2150 1248 2199 aut

297 2237 421 2317 Graeco,
437 2260 503 2323 quo
518 2258 568 2301 me
585 2237 712 2301 Siculus
731 2236 935 2301 cancellarius
956 2236 995 2300 ad
1014 2236 1178 2322 pernitiem
1199 2260 1248 2301 sa·

296 2336 437 2423 lutisque
449 2338 652 2424 dispendium
664 2352 774 2422 potare
786 2351 1003 2403 consueverat.
1037 2341 1117 2402 Peto
1127 2339 1249 2425 itaque,

296 2452 332 2503 ut
350 2439 424 2503 inde
446 2437 525 2503 mihi
549 2440 672 2504 faciatis
694 2441 829 2526 copiam,
850 2455 905 2504 aut
928 2439 1184 2520 misericordiam,
1206 2440 1251 2505 ita

297 2552 401 2603 tamen
418 2540 504 2626 quod
522 2541 661 2624 Anglico
676 2554 708 2606 et
723 2542 828 2627 potori
845 2545 989 2606 sufficere
1004 2539 1127 2604 debeat.
1166 2541 1252 2606 Alio-

295 2641 374 2727 quin
389 2655 500 2728 potero
516 2666 572 2707 vos
587 2655 662 2708 nota
681 2642 871 2727 proditionis
885 2643 1021 2718 inurere,
1038 2655 1069 2706 et
1084 2642 1252 2707 convenire

297 2743 371 2825 doli,
392 2744 450 2832 qui
472 2768 524 2809 rne
545 2746 683 2830 panibus
704 2745 936 2829 ingurgitastis,
959 2759 990 2809 et
1014 2767 1079 2830 quo
1101 2745 1134 2807 in
1157 2767 1251 2809 usum

298 2843 400 2930 digeri
426 2848 549 2932 possint
575 2847 765 2910 subtrahitis
790 2859 915 2932 potum,
940 2848 1052 2933 utique
1083 2846 1250 2911 Gallorum

297 2946 537 3022 consuetudine,
553 2960 590 3011 ut
606 2969 689 3032 quos
704 2946 839 3012 invitant
860 2948 900 3011 ad
926 2969 1066 3012 mensam
1088 2948 1252 3013 dimittant

299 3068 382 3132 sape
405 3047 534 3126 sobrios,
551 3071 716 3135 nunquam
741 3050 852 3115 siccos.
899 3051 981 3113 Hoec
1003 3050 1156 3115 hactenus
1173 3073 1252 3137 qua-

298 3147 371 3214 liter
393 3148 445 3212 ille
466 3150 538 3215 vilis
563 3163 710 3236 apostata
735 3151 898 3216 Radulfus
926 3151 1098 3234 vobiscum,
1120 3164 1153 3217 et
1179 3175 1252 3217 cum

298 3249 398 3315 fratre
413 3249 540 3317 Thoma
554 3254 665 3337 egerit,
682 3252 808 3318 mealia
824 3254 894 3318 vice
909 3254 1000 3318 vobis
1015 3253 1175 3339 scripsisse
1190 3275 1253 3316 me-

300 3352 389 3428 mini,
404 3353 459 3416 sed
474 3355 680 3439 postmodum
696 3354 780 3417 idem
805 3352 967 3418 Radullus
982 3353 1024 3417 ob
1043 3353 1103 3415 hoc
1126 3351 1253 3437 publice

298 3455 588 3520 excommunicatus
617 3469 676 3534 est,
701 3458 876 3541 jussusque
905 3454 1130 3539 comprehendi
1154 3455 1180 3517 si
1205 3453 1253 3518 in·
1290 3506 1301 3517 ,

299 3556 397 3618 veniri
413 3569 529 3642 posset.
576 3556 711 3621 Litteras
729 3569 848 3620 vestras
864 3578 913 3620 me
929 3569 1095 3641 praesente,
1111 3568 1143 3620 et
1158 3557 1254 3622 inter-

299 3667 445 3740 pretante
467 3653 599 3719 tradidit
621 3655 720 3720 frater
743 3656 885 3720 Thomas
906 3657 1013 3721 comiti
1035 3658 1177 3743 Hugoni,
1200 3660 1255 3724 sed

302 3777 365 3818 uon
396 3755 530 3841 profecit
560 3757 745 3842 quicquam,
771 3781 809 3820 eo
836 3758 922 3843 quod
951 3782 984 3824 se
1011 3760 1109 3824 totius
1136 3762 1255 3847 negotii

301 3880 405 3921 comes
419 3859 564 3944 ignarum
581 3883 647 3924 esse
662 3859 798 3925 dicebat.
842 3865 992 3926 Moratus
1006 3875 1052 3926 est
1074 3863 1137 3926 huc
1153 3887 1255 3949 usque

302 3961 462 4025 nobiscum
485 3963 583 4027 frater
606 3962 760 4043 Thomas,
775 3976 806 4027 et
828 3963 911 4027 circa
931 3987 998 4044 nos,
1018 3987 1119 4049 quum
1136 3986 1254 4050 praece·

301 4063 410 4148 peritis
437 4087 632 4131 reversurus.
679 4065 742 4128 Sed
768 4068 845 4151 quia
871 4066 1025 4129 neminem
1049 4077 1255 4150 cognatorum

301 4165 383 4229 vidit
411 4166 527 4242 adhuc,
555 4190 608 4229 eos
638 4166 664 4229 si
695 4166 797 4252 placet
829 4180 934 4230 vestra
963 4166 1089 4230 licentia
1115 4167 1256 4233 visitabit

302 4278 470 4349 antequam
504 4266 623 4330 redeat.
669 4267 742 4348 Ego
767 4276 874 4328 autem
900 4263 1056 4329 famulum
1083 4266 1201 4346 inveni,
1225 4291 1260 4347 et

302 4364 447 4428 facienda
471 4366 652 4450 praescribo.
699 4365 752 4429 Ad
780 4365 849 4429 haec
879 4387 1002 4452 precor,
1030 4383 1066 4434 ut
1098 4369 1257 4436 Thomam

303 4477 457 4541 nostrum,
481 4466 537 4553 qui
560 4465 615 4529 diu
640 4466 818 4540 vobiscum,
842 4481 873 4532 et
897 4489 956 4553 pro
980 4469 1069 4533 vobis
1091 4466 1258 4551 laboravit,

305 4567 387 4631 sicut
413 4592 473 4652 ego
494 4569 637 4633 conscius
660 4590 743 4645 sum,
766 4569 1021 4634 commendatum
1050 4571 1202 4654 habeatis,
1222 4588 1259 4640 ut

305 4681 369 4730 tam
385 4667 452 4753 ipsc
469 4691 564 4752 quom
582 4668 633 4731 alii
652 4668 793 4754 Anglici,
809 4671 887 4732 dum
905 4669 1051 4735 honestas
1069 4673 1259 4757 permiserit,

303 4791 412 4853 preces
435 4791 519 4834 meas
542 4770 602 4834 sibi
626 4770 762 4837 sentiant
786 4769 952 4854 proluisse.
998 4772 1156 4836 Jacobum
1181 4797 1260 4861 quo·
