3300 6434
350 1237 391 1304 52
606 1255 741 1300 Joanurs
758 1251 1033 1298 saansaraursnsrs
1204 1231 1249 1309 [a.
1269 1247 1298 1292 o.

354 1405 529 1493 angustias,
543 1416 671 1491 gratum
687 1402 818 1467 haberes
841 1401 995 1488 quicquid
1018 1398 1085 1463 fieri
1102 1398 1224 1462 videres
1246 1418 1305 1483 pro

354 1521 462 1572 nostra
487 1506 600 1584 salute,
625 1519 656 1571 et
687 1518 827 1570 nostram
859 1502 967 1567 malles
996 1502 1133 1565 animam
1162 1498 1303 1578 liberari,

352 1631 449 1696 quam
464 1607 504 1673 de
520 1608 668 1695 peccatis,
682 1621 714 1671 et
729 1604 931 1670 damnatione
949 1616 1068 1680 nostra,
1083 1604 1249 1686 pecuniam
1269 1611 1302 1665 et

353 1710 480 1775 divitias
507 1709 646 1775 infinitas
675 1710 849 1793 acquirere.
894 1707 973 1770 Inde
1003 1717 1049 1770 est
1080 1702 1169 1789 quod
1199 1714 1229 1766 te
1259 1701 1300 1766 ad

352 1833 492 1899 praesens
505 1810 537 1873 in
554 1809 720 1873 vexatione
735 1808 832 1893 hujus
846 1804 955 1871 auxilii
977 1805 1086 1871 audire
1102 1827 1163 1867 non
1188 1825 1300 1889 possu-

351 1936 434 1985 mus,
446 1912 512 1976 sine
527 1910 653 1974 laesione
665 1909 730 1973 voti
742 1920 774 1972 et
789 1908 903 1974 salutis
913 1919 1031 1972 nostrae
1046 1904 1197 1993 periculo.
1237 1904 1299 1968 Sed

351 2014 376 2079 si
393 2017 484 2079 Deus
499 2012 591 2077 nobis
607 2011 700 2075 vitam
717 2003 841 2074 dederit
856 2022 888 2073 et
909 2010 1087 2088 sanitatem,
1102 2029 1198 2093 quam
1221 2028 1298 2069 non-

349 2116 426 2182 dum
450 2115 530 2181 bene
553 2113 662 2199 adepti
686 2135 810 2187 sumus,
825 2134 991 2198 speramus
1015 2111 1102 2198 quod
1127 2110 1231 2174 adhuc
1252 2107 1298 2171 ita

350 2218 410 2282 tibi
426 2239 484 2302 per
506 2237 635 2279 manum
659 2227 798 2278 nostram
823 2217 983 2279 Dominus
1004 2212 1197 2298 providebit,
1210 2208 1298 2296 quod

350 2317 469 2381 talibus
483 2339 546 2380 non
561 2316 671 2401 egebis
693 2316 835 2391 auxiliis,
851 2330 883 2380 et
907 2315 1028 2400 gratias
1049 2338 1124 2401 ages
1147 2312 1297 2388 Domino,
1383 2386 1385 2390 Ι

349 2417 438 2503 quod
459 2439 479 2480 a
500 2417 582 2481 mala
605 2416 836 2480 consuetudine
858 2440 945 2482 suam
967 2417 1165 2504 temporibus
1185 2412 1296 2478 vestris

348 2516 531 2582 liberaverit
546 2515 718 2580 ecclesiam.
763 2520 928 2602 Rogamus
942 2517 1064 2605 itaque,
1081 2532 1117 2583 ut
1139 2516 1227 2603 quod
1250 2515 1296 2579 le·

348 2615 448 2682 cimus
472 2629 601 2702 gratum
624 2616 751 2692 habeas,
773 2618 853 2703 quia
877 2618 968 2682 nobis
992 2641 1105 2704 parum
1132 2618 1295 2705 prodesset

350 2729 437 2783 totus
451 2716 603 2797 mundus,
620 2718 646 2785 si
662 2718 798 2783 animam
814 2720 1025 2802 perderemus.

682 3015 904 3079 EPISTOLA
926 3016 963 3078 L.

698 3180 750 3242 De
763 3180 941 3243 Meritone.

350 3302 354 3310 ’
391 3311 542 3386 Causast,
564 3328 639 3397 ‘quae
659 3311 741 3375 inter
762 3309 894 3376 dilectos
916 3312 1031 3376 t'ratres
1054 3321 1176 3376 nostros
1200 3332 1294 3375 cano·

346 3415 433 3477 nicos
449 3412 688 3493 Meritonenses,
699 3426 731 3476 et
742 3412 912 3476 monachos
927 3412 967 3475 dc
984 3412 1087 3477 Melsa
1099 3411 1293 3491 vertebatur,

344 3535 441 3599 super
470 3513 665 3600 possessione
695 3512 755 3576 loci
784 3513 842 3599 qui
873 3512 991 3578 dicitur
1020 3513 1159 3578 Acchab.
1189 3525 1221 3576 et
1252 3518 1291 3578 B.

346 3626 377 3678 et
398 3612 532 3691 damnis,
548 3638 622 3700 quae
646 3613 705 3678 sibi
730 3614 871 3678 canonici
898 3616 1113 3701 querebantur
1139 3615 1239 3691 illata,
1252 3638 1292 3680 ex

344 3712 494 3777 mandato
508 3714 626 3777 domini
643 3736 733 3800 papae
747 3712 938 3791 decidentes,
954 3717 1123 3781 monachos
1136 3717 1293 3781 canonicis

344 3813 633 3891 condemnavimus,
662 3816 695 3879 in
725 3817 957 3882 restitutionem
994 3819 1120 3902 praefati
1150 3819 1222 3899 loci,
1250 3820 1292 3883 ad
1392 3858 1397 3867 ·

345 3912 460 3977 damna
475 3914 535 3979 sibi
551 3915 755 3981 resarcienda.
801 3919 945 3994 Quorum
958 3940 1112 3986 summam
1130 3944 1229 4005 quum
1246 3921 1291 3985 illi

345 4014 385 4080 ad
401 4014 562 4101 octoginta
576 4038 707 4097 marcas,
721 4027 844 4081 servata
858 4019 991 4081 veritate
1006 4032 1037 4082 et
1060 4019 1205 4085 adhibita
1226 4046 1290 4086 mo·

345 4115 516 4191 deratione,
526 4116 742 4194 extenderent,
753 4141 810 4181 nos
818 4117 965 4204 partibus
977 4119 1091 4181 nostris
1099 4118 1292 4206 interpositis

344 4241 412 4281 eam
425 4216 464 4280 ad
478 4225 520 4280 40
530 4240 703 4283 marcarum
715 4219 903 4284 reduximus
914 4219 1136 4305 quantitatem.
1170 4222 1291 4288 Vestrae

339 4320 453 4404 itaque
477 4317 666 4382 fraternitati
681 4320 879 4400 mandamus,
892 4335 924 4385 et
939 4319 1057 4384 domini
1077 4344 1170 4408 papae
1184 4340 1293 4390 aucto-

337 4423 438 4483 ritate
461 4419 675 4505 praecipimus,
688 4434 723 4485 ut
751 4423 902 4507 praefatos
923 4424 1092 4488 monachos
1113 4430 1293 4495 memoratis

344 4520 507 4594 iratribus,
526 4521 593 4605 jam
609 4520 731 4585 dictum
749 4520 868 4601 locum,
883 4536 915 4587 et
931 4526 1096 4610 pecuniam
1113 4527 1291 4613 praefatam,

345 4621 427 4683 omni
446 4623 606 4684 occasione
629 4638 760 4699 remota,
784 4624 951 4688 restituere
973 4629 1181 4711 compellatis,
1196 4653 1236 4694 ne
1258 4631 1290 4696 in

345 4721 527 4784 executione
548 4722 690 4786 mandati
712 4724 876 4808 apostolici
902 4726 1104 4812 negligentiae
1126 4753 1182 4795 vos
1203 4733 1291 4817 quis·

340 4840 438 4903 quam
454 4844 586 4907 arguere
599 4822 698 4908 possit
712 4823 875 4890 obnoxios.
922 4827 993 4891 Hoc
1008 4843 1114 4895 autem
1131 4833 1291 4898 monachis
