3300 6434
403 1224 464 1284 1³4
671 1239 809 1284 scaurus
824 1237 1085 1285 sunasnaamnsr
1256 1223 1300 1301 [u.
1319 1241 1349 1286 n.

402 1387 588 1473 petitionem
616 1388 706 1462 hanc,
734 1388 759 1451 si
785 1386 845 1451 boc
871 1400 976 1451 tamen
1003 1389 1151 1452 auderem
1179 1389 1351 1475 postulare,

398 1487 534 1551 dominis
553 1490 630 1553 meis
650 1487 864 1552 cardinalibus
884 1511 941 1573 per
961 1511 1089 1553 manum
1111 1505 1247 1555 vestram
1268 1490 1350 1553 desi·

396 1588 475 1653 dero
490 1589 728 1675 praesentari,et
742 1612 891 1676 responsa
903 1613 1012 1654 eorum
1030 1614 1086 1677 per
1095 1592 1217 1657 litteras
1233 1604 1350 1657 vestras

395 1692 545 1775 recipere.

438 1792 582 1857 Celebris
603 1793 688 1857 fama
710 1805 758 1857 est
780 1791 944 1857 dominum
966 1816 1080 1879 papam
1102 1793 1143 1858 ad
1168 1793 1346 1860 Galliarum

393 1894 473 1958 lines
491 1895 649 1959 accedere.
695 1894 743 1958 Ut
764 1916 841 1979 ergo
863 1895 1044 1980 promptius
1064 1893 1111 1958 illi
1134 1909 1165 1959 et
1190 1896 1280 1959 vobis
1299 1920 1349 1960 oc-

392 2018 569 2072 curramus,
585 2018 636 2060 me
651 2019 708 2082 per
724 1996 855 2060 latorem
877 1997 1095 2081 praesentium,
1111 1998 1137 2061 si
1157 1999 1274 2083 placet,
1295 1999 1351 2061 ad-

392 2096 495 2162 hibita
512 2098 672 2163 celeritate
697 2108 899 2185 praemonete.
946 2100 1038 2163 Vivat
1063 2113 1095 2163 et
1118 2098 1223 2165 valeat
1243 2112 1350 2187 pater·

392 2198 475 2263 nitas
491 2213 605 2282 restra,
620 2223 740 2266 memor
755 2200 816 2264 mei
832 2200 864 2264 in
879 2201 1077 2266 orationibus
1092 2201 1168 2267 suis.

541 2524 764 2587 EPISTOLA
787 2524 1193 2588 CIV.-ancann1rmur.s.

558 2678 682 2743 Joanni
696 2681 784 2746 Scor.
802 2688 834 2745 et
847 2683 947 2745 Joon.
963 2681 1062 2746 Paul.
1082 2681 1180 2746 θανά.

357 2872 360 2879 .
434 2811 488 2878 ΑΒ
516 2811 645 2876 ineunte
679 2821 772 2874 oetote
805 2810 974 2897 amplexus
1009 2810 1234 2887 obedientiam,
1265 2812 1344 2878 nihil

390 2914 506 2979 exinde
520 2911 549 2975 ei
564 2911 706 2997 praetuli,
727 2933 786 2996 pro
807 2933 874 2996 qua
896 2910 937 2974 ab
956 2909 1049 2974 initio
1070 2910 1219 2976 universa
1239 2914 1345 2977 omnia

388 3014 512 3102 reliqui.
558 3017 666 3093 Quum
695 3035 770 3076 vero
791 3012 912 3099 placuit
939 3014 967 3077 ei
991 3012 1047 3098 qui
1073 3035 1123 3076 me
1148 3015 1284 3091 vocavit,
1308 3029 1343 3079 ut

387 3138 523 3203 puerum
547 3138 640 3180 suum
665 3113 887 3179 cantuariensi
906 3114 1044 3177 ecclesiae
1066 3114 1252 3199 praeficeret,
1270 3115 1342 3179 licet

388 3217 569 3305 indignum,
592 3216 670 3281 nihil
693 3229 804 3303 postea
825 3216 933 3301 potius
955 3214 1088 3293 credidi,
1109 3237 1206 3300 quam
1230 3229 1267 3279 ut
1291 3239 1342 3279 me

388 3333 505 3385 sanctae
520 3319 659 3384 ecclesiae
674 3321 827 3383 Romanae
842 3328 910 3381 tota
925 3315 1094 3380 devotione
1109 3314 1340 3393 submitterem,

387 3435 419 3487 et
439 3423 468 3486 ei
489 3421 679 3487 famulatum
702 3442 761 3505 pro
780 3419 903 3484 viribus
924 3439 1048 3503 semper
1067 3418 1339 3503 promptissimum

387 3522 579 3589 exhiberem.
611 3521 696 3587 Mihi
709 3519 922 3606 voluptaserit
933 3535 965 3584 et
977 3518 1088 3603 gloria,
1096 3539 1199 3582 meam
1208 3519 1341 3604 singulis

385 3625 488 3700 annis,
510 3639 566 3688 aut
590 3624 707 3710 saepius
732 3621 934 3686 devotionem
961 3619 1028 3685 sedi
1051 3620 1233 3706 apostolicae
1259 3644 1342 3707 prae-

387 3735 519 3785 aentare.
563 3725 666 3786 Miror
680 3737 786 3787 autem
803 3738 834 3787 et
850 3722 1020 3787 admodum
1037 3721 1140 3796 doleo,
1158 3723 1244 3806 quod
1261 3747 1340 3808 quo-

386 3820 532 3885 rumdam
548 3821 748 3884 dominorum
765 3844 907 3886 meorum
926 3824 1134 3888 cardinalium
1151 3823 1231 3898 citra
1246 3826 1339 3888 meri·

386 3936 453 3988 tum
466 3942 572 3985 meum
586 3923 618 3985 in
630 3943 681 4002 me
690 3920 855 3986 incanduit
867 3923 1055 4006 indignatio.
1080 3924 1163 3986 Mihi
1178 3925 1338 4010 siquidem

385 4026 417 4089 in
442 4024 529 4089 nullo
551 4025 696 4088 conscius
718 4043 806 4084 sum:
839 4044 950 4085 verum
973 4025 999 4085 si
1020 4022 1153 4107 deliqui,
1175 4023 1340 4088 humiliter

386 4126 628 4193 satisfacientem
644 4122 815 4188 admittant
834 4122 873 4188 ad
889 4123 1042 4206 gratiam:
1074 4124 1100 4186 si
1120 4145 1182 4185 non
1204 4123 1338 4210 deliqui,

384 4229 599 4294 misericordia
624 4241 655 4292 et
677 4228 768 4311 justo
794 4225 924 4290 Domini
948 4224 1176 4289 interveniente
1200 4224 1337 4307 judicio,

384 4332 464 4397 bene
479 4354 602 4417 semper
616 4329 656 4393 de
671 4341 786 4393 caetero
801 4340 1032 4413 promerentem
1049 4326 1189 4391 fraterna
1205 4327 1338 4393 caritate

384 4434 549 4519 recipiant,
579 4446 610 4496 et
640 4454 659 4495 o
692 4430 909 4516 persecutione
944 4443 1112 4504 cessantes,
1142 4432 1242 4492 nostri
1274 4453 1337 4494 non

385 4535 543 4599 declinent
568 4533 743 4599 famulatus
768 4532 932 4617 obsequio.
977 4536 1096 4596 Nostra
1126 4530 1193 4593 haec
1223 4532 1337 4617 petitio

385 4640 496 4700 vestris
522 4637 668 4700 manibus
691 4649 926 4721 promoveatur,
949 4634 1025 4718 quia
1052 4634 1236 4698 nuntiorum
1265 4656 1332 4696 nos·

384 4750 505 4801 trorum
518 4737 684 4823 praesentia
697 4737 801 4800 minus
813 4738 892 4799 bene
903 4744 1029 4819 recepta
1040 4748 1114 4799 esta
1130 4732 1333 4818 quibusdam.

384 4836 500 4902 Sinceri
516 4840 631 4902 amoris
646 4861 755 4902 secura
770 4852 818 4900 est
835 4836 956 4920 petitio.
