3300 6434
424 1212 469 1282 82
692 1232 828 1277 sossius
843 1226 1124 1275 sunnssnrususrs
1284 1213 1332 1294 [s.
1350 1234 1383 1278 n.

427 1384 519 1450 vobis
534 1405 574 1448 ex
587 1382 759 1447 multorum
772 1381 907 1466 negotiis
918 1403 1028 1466 rapere
1040 1379 1247 1479 praecepistis.
1284 1384 1381 1447 Nunc

429 1499 536 1550 autem
559 1488 635 1572 quia
656 1483 765 1549 latoris
792 1483 998 1569 praesentium
1021 1481 1176 1547 Wiilelmi
1200 1484 1380 1548 necessitati

324 1582 326 1587 ¹
428 1588 536 1652 deesse
565 1610 627 1652 non
657 1585 760 1673 potui,
784 1586 942 1671 majestati
964 1594 1078 1648 vestroe
1107 1598 1229 1671 quanto
1251 1608 1380 1671 possum

428 1686 607 1762 devotione,
638 1700 728 1751 tanta
756 1698 862 1750 mente
890 1685 1027 1771 pedibus
1056 1687 1169 1751 vestris
1199 1699 1379 1772 prostratus

428 1788 585 1873 supplico,
613 1802 653 1852 ut
678 1787 841 1851 laboribus
870 1788 939 1871 ejus
967 1809 1052 1851 nunc
1075 1787 1202 1851 tandem
1233 1787 1378 1853 debitum

374 1942 377 1948 .
427 1887 523 1951 finem
539 1886 725 1973 imponatis;
746 1888 813 1972 jam
837 1887 918 1950 enim
940 1887 1079 1951 secundo
1100 1887 1267 1951 adsedem
1292 1890 1381 1974 Apo-

424 1988 570 2053 stolicam
585 1987 757 2053 adversarii
772 1989 821 2053 sui
841 1988 961 2053 malitia
978 1988 1128 2064 trahitur,
1144 1991 1201 2073 qui
1216 1989 1256 2051 ad
1272 1990 1380 2074 appel-

426 2089 557 2154 landum
582 2089 686 2164 velox,
710 2090 750 2154 ad
774 2092 1031 2177 prosequendum
1063 2090 1186 2167 tardus,
1217 2110 1377 2154 sacrorum

426 2215 584 2257 canonum
593 2217 655 2257 non
669 2195 769 2279 magis
778 2194 918 2278 ignarus,
931 2216 1027 2278 quam
1044 2204 1255 2278 contemptor,
1271 2194 1379 2258 fautor

426 2294 537 2370 curiae,
560 2307 743 2379 persecutor
763 2293 915 2368 ecclesiae,
938 2293 1091 2378 suffragio
1113 2292 1301 2358 secularium
1323 2316 1380 2380 po-

427 2405 593 2470 testatum,
617 2393 792 2459 Catholicae
816 2394 947 2458 unitatis
968 2395 1067 2459 robur
1081 2394 1197 2460 nititur
1218 2417 1377 2460 enervare.

429 2498 503 2559 Hoc
531 2516 614 2557 novo
636 2491 903 2579 tergiversationis
934 2516 1047 2577 genere
1069 2507 1225 2560 nostrates
1247 2496 1378 2562 instruit

427 2594 468 2658 sd
485 2599 663 2661 Romanum
679 2595 872 2681 pontificem,
886 2608 919 2660 et
934 2618 1039 2679 regem
1056 2609 1088 2661 et
1104 2599 1244 2683 reginam
1261 2599 1380 2683 pariter

427 2695 597 2782 appellare,
609 2709 644 2761 ut
657 2720 715 2783 pro
722 2696 900 2762 reverentia
908 2709 1023 2776 vestra,
1033 2697 1251 2783 episcoporum
1265 2720 1379 2764 manus

426 2798 569 2884 effugiat,
591 2812 623 2863 et
646 2800 730 2885 regis
746 2798 794 2863 vei
818 2798 936 2883 reginae
953 2798 1202 2884 indignationem
1228 2814 1377 2886 provocet

425 2897 467 2963 ad
487 2900 699 2966 innocentiam
719 2900 953 2965 conterendam.
1018 2916 1030 2933 ·

596 3074 815 3138 EPISTOLA
840 3075 1034 3137 XXX-sn
1050 3093 1204 3138 sunonis.

765 3190 913 3253 Adriano
928 3190 1041 3272 Papa.

470 3309 672 3383 snssrmn,
688 3305 774 3390 quod
790 3306 868 3369 mibi
884 3305 1072 3387 indixeram,
1088 3308 1274 3372 venerabilis
1288 3321 1378 3393 pater

426 3407 565 3477 Eliensis
579 3407 746 3494 episcopus
761 3407 942 3494 interrupit,
958 3412 1016 3494 qui
1026 3432 1076 3472 me
1091 3409 1248 3495 majestati
1263 3421 1377 3473 vestrae

424 3510 603 3577 devotionis
614 3532 682 3575 suae
696 3506 812 3573 indicia
821 3510 976 3596 compulit
987 3511 1143 3576 nuntiare.
1168 3511 1281 3576 Credit
1293 3511 1376 3575 enim

422 3633 459 3673 se
473 3634 566 3696 posse
575 3608 661 3695 apud
673 3609 874 3674 eminentiam
891 3624 1026 3675 vestram
1040 3610 1182 3675 fidelium
1200 3625 1377 3702 vestrorum

425 3709 606 3773 testimonio
627 3722 658 3772 et
679 3710 900 3775 intercessione
917 3711 1038 3796 juvari,
1053 3727 1085 3779 et
1108 3712 1184 3800 quia
1200 3712 1378 3777 devotionis

428 3832 495 3874 suae
523 3809 617 3872 fidem
649 3810 725 3873 mibi
755 3826 860 3877 vestra
887 3812 1011 3897 gerenti
1042 3819 1180 3900 negotia,
1210 3815 1379 3879 manifesta

426 3912 531 3997 operis
544 3910 738 3977 exhibitione
749 3914 954 3978 monstravit:
979 3916 1264 3980 serenitativestrae
1275 3931 1378 3980 atten-

427 4027 479 4079 tus
493 4013 649 4101 supplico,
666 4027 703 4078 ut
717 4015 745 4077 ei
760 4015 897 4100 gratiam
913 4013 997 4076 iliam
1009 4013 1160 4097 integram
1177 4016 1378 4090 conservetis,

426 4139 523 4200 quam
538 4138 558 4179 a
572 4114 767 4198 benignitate
777 4129 882 4180 vestra
897 4114 1085 4200 promeruit,
1097 4126 1268 4199 antequem
1284 4136 1378 4198 super

423 4218 531 4304 capita
544 4217 684 4280 filiorum
707 4217 871 4281 bominum
888 4216 1036 4282 thronum
1057 4228 1198 4280 vestrum
1220 4214 1379 4279 Dominus

425 4320 590 4385 exaltaret.
635 4317 721 4384 Petit
744 4320 804 4383 hoc
828 4319 931 4404 ipsum
954 4318 1100 4383 dominus
1127 4316 1378 4393 cantuariensis,

425 4420 511 4507 opud
529 4443 622 4507 quem
635 4434 763 4485 centum
775 4429 896 4485 marcas
906 4421 1128 4506 sterlingorum
1142 4418 1287 4506 deposui,
1298 4440 1378 4505 quas

426 4521 467 4584 ad
482 4523 668 4585 mandatum
677 4536 817 4586 vestrum
833 4522 1033 4608 implendum
1045 4547 1063 4586 a
1075 4523 1214 4610 praefato
1228 4525 1377 4609 episcopo

426 4640 616 4704 acceperam.
642 4620 768 4684 Pronus
780 4619 910 4706 quidem
923 4632 971 4683 est
986 4620 1018 4683 in
1033 4620 1222 4705 obsequium
1236 4633 1378 4684 vestrum

426 4732 619 4784 memoratus
640 4721 819 4806 episcopus,
844 4720 898 4783 sed
921 4720 1015 4802 longe
1037 4719 1166 4804 pronior
1187 4720 1261 4796 erit,
1292 4723 1318 4783 si
1348 4720 1375 4780 ei

428 4818 602 4884 clementiae
637 4835 750 4886 vestrae
780 4820 980 4885 dulcedinem
1011 4821 1227 4905 porrexeritis,
1259 4840 1378 4882 memor
