3300 6434
289 1270 395 1349 llud]
659 1282 845 1328 samsona.
1176 1266 1239 1325 ass

286 1461 358 1503 cum
383 1437 514 1502 domino
537 1436 691 1519 episcopo
714 1434 783 1511 rite,
805 1432 892 1517 quod
916 1433 958 1496 ad
984 1434 1237 1500 incolumitatem

286 1539 372 1614 dico,
396 1538 511 1619 agitur,
538 1550 613 1600 tunc
641 1534 738 1598 etad
762 1534 824 1599 hoc
851 1534 1039 1616 responderi
1063 1536 1239 1616 gratissime

287 1639 475 1725 acceptabo.
516 1638 686 1716 Caeterum,
702 1637 778 1719 quia
791 1636 863 1700 haec
878 1635 1061 1700 sollicitudo
1077 1638 1119 1701 ab
1133 1637 1241 1700 animo

289 1765 361 1806 meo
378 1762 441 1803 nou
458 1738 591 1816 recedit,
602 1740 641 1818 si,
652 1738 741 1823 quod
758 1738 919 1802 Dominus
933 1748 1063 1818 avertat,
1075 1738 1240 1802 dominum

288 1845 477 1927 episcopum
500 1842 547 1904 sic
570 1851 724 1922 aegrotare
745 1841 928 1921 contigerit,
943 1862 1082 1919 omnem,
1099 1840 1182 1906 sicut
1196 1842 1242 1905 vir

288 1944 416 2028 sapiens
442 1954 474 2007 et
498 1941 649 2027 prudens,
676 1963 806 2027 operam
834 1941 917 2019 date,
940 1956 975 2005 ut
996 1943 1029 2004 in
1056 1943 1242 2026 hujusmodi

244 2063 249 2072 ·
288 2046 432 2128 periculo
469 2067 502 2109 se
538 2044 690 2109 exhibeat
720 2044 950 2120 Christianum,
979 2056 1011 2107 et
1039 2056 1185 2122 mortem,
1214 2047 1242 2110 si

290 2167 424 2210 necesse
442 2145 544 2223 luerit,
558 2158 712 2229 tanquam
728 2144 848 2209 Christi
870 2143 1019 2209 sacerdos
1037 2155 1199 2230 expectet,
1212 2159 1246 2211 et

292 2247 388 2310 domo
419 2247 587 2331 disposita,
621 2256 742 2311 naturas
771 2266 898 2321 munus,
925 2245 1014 2329 quod
1043 2247 1150 2309 evitari
1179 2267 1246 2310 non

293 2359 409 2431 potest,
423 2348 584 2431 patienter
598 2345 750 2429 excipiat.
774 2343 916 2409 Confido
932 2357 1036 2408 arrtem
1052 2345 1086 2407 in
1102 2345 1246 2410 Domino

290 2450 312 2511 J
313 2470 371 2512 esu
382 2448 523 2526 Christo,
533 2446 618 2532 quod
635 2445 691 2530 qui
702 2447 732 2510 ei
745 2445 836 2509 dedit
846 2445 1048 2529 prudentiam
1061 2447 1246 2510 transeundi

293 2572 352 2634 per
374 2551 460 2613 bona
482 2549 682 2633 temporalia,
709 2549 739 2610 ei
768 2548 802 2610 in
832 2548 1105 2612 consummatione
1135 2570 1247 2613 cursus

292 2651 459 2735 prestabit
477 2650 620 2732 gratiam,
639 2661 675 2712 ut
700 2647 792 2731 cujus
814 2649 881 2712 vita
904 2648 992 2731 apud
1014 2652 1246 2716 commensales

295 2753 425 2831 effulsit,
440 2774 524 2815 mors
546 2751 617 2836 ejus
639 2752 733 2816 etiam
757 2749 917 2814 morituris
939 2752 1088 2815 omnibns
1103 2753 1250 2836 proficiat

297 2853 339 2916 ad
362 2856 565 2937 exemplum:
591 2851 688 2915 fidem
711 2851 893 2915 devotionis
914 2865 946 2913 et
967 2851 1045 2915 fidei
1065 2854 1155 2917 nullo
1179 2855 1251 2939 quis

297 2975 439 3037 unquam
463 2967 650 3036 argumento
673 2950 802 3015 fidelius
827 2952 931 3024 faciet,
954 2974 1049 3035 quam
1072 2954 1099 3016 si
1122 2977 1250 3039 operam

300 3054 425 3117 dederit
440 3055 511 3137 quis
529 3066 563 3116 et
584 3050 794 3135 diligentiam,
809 3064 846 3116 ut
860 3074 941 3136 quos
963 3054 997 3115 in
1019 3074 1115 3116 carne
1131 3078 1251 3121 coexu·

296 3156 410 3233 lantes,
428 3168 459 3218 et
480 3155 513 3217 in
535 3153 678 3218 Domino
698 3154 936 3238 peregrinantes
954 3154 1084 3232 amavit,
1105 3156 1253 3223 exhorta·

302 3257 391 3319 tioue
415 3257 578 3335 virtutum,
605 3268 637 3321 et
665 3256 845 3338 insignibus
871 3258 1028 3320 bonorum
1053 3278 1196 3342 operum,
1221 3269 1255 3323 et

300 3360 439 3422 maxime
463 3359 496 3420 in
516 3360 581 3422 fine
597 3358 655 3422 vim
677 3368 866 3443 promoveat
886 3371 1101 3436 transeuntes,
1115 3370 1148 3423 et
1162 3362 1254 3442 qussi

302 3461 438 3543 geminae
469 3459 609 3523 caritatis
638 3459 777 3522 brachiis
809 3470 1019 3542 persequatur
1048 3471 1081 3523 et
1108 3460 1256 3543 impellat

302 3564 475 3641 migrantes
497 3570 530 3622 et
548 3558 760 3621 ascendentes
779 3560 820 3621 ad
842 3559 1014 3623 Christum.
1059 3560 1094 3624 Si
1110 3580 1184 3624 vero
1197 3583 1255 3645 per

304 3657 555 3723 misericordiam
571 3657 633 3720 Dei
648 3678 698 3720 res
719 3658 806 3721 circa
820 3680 877 3722 ros
896 3658 1000 3722 laetius
1014 3659 1128 3740 agitur,
1143 3682 1256 3745 precor

303 3758 465 3834 attentius,
480 3770 639 3838 quatenus
658 3758 861 3840 interpretem
876 3770 1020 3823 nostrum
1035 3762 1139 3826 modis
1153 3763 1255 3827 omni·

300 3862 361 3923 bus
372 3859 413 3922 ad
425 3860 496 3922 haec
508 3858 663 3922 inducere
675 3858 843 3938 studeatis,
851 3872 888 3925 ut
902 3860 989 3944 quod
1001 3860 1042 3925 de
1055 3863 1255 3944 Hierarchis,

302 3963 395 4046 cujus
417 3983 516 4025 unum
539 3962 655 4024 librum
679 3963 850 4041 transtulit,
865 3962 1027 4027 residuum
1049 3975 1109 4043 est,
1129 3966 1172 4029 ad
1193 3966 1256 4029 for·

305 4085 390 4127 mam
405 4085 496 4127 suam
516 4063 681 4127 transferat
696 4073 729 4126 et
743 4063 911 4127 emendet:
936 4065 1012 4147 quia
1025 4064 1060 4127 id
1074 4065 1162 4148 quod
1176 4086 1256 4148 prrs-

302 4166 400 4239 misit,
415 4167 467 4228 his
490 4166 547 4249 qui
567 4164 649 4228 illud
665 4164 815 4229 viderunt
828 4166 864 4226 in
884 4163 1032 4237 Francia,
1047 4165 1125 4227 satis
1141 4164 1256 4248 placet.

305 4267 400 4329 Plura
414 4265 590 4348 scripturus
605 4286 702 4341 eram,
717 4263 775 4327 sed
791 4263 952 4327 festinatio
967 4284 1033 4326 non
1049 4264 1213 4347 permittit.
