3300 6434
356 1243 419 1303 art
613 1254 1046 1302 rosuursssansannrnusrs
1220 1238 1324 1319 [an.

356 1407 487 1492 spiritus
511 1407 677 1491 sapientia
699 1418 758 1484 est,
782 1408 839 1491 qui
861 1409 1013 1494 loquitur,
1041 1409 1128 1477 Quia
1150 1429 1213 1489 per
1241 1432 1323 1494 qum

351 1513 500 1591 peccauit
522 1512 604 1594 quia,
622 1530 684 1590 per
698 1512 765 1573 hcc
779 1519 811 1574 et
831 1513 1001 1591 pausetur.
1048 1510 1226 1576 Homicida
1247 1512 1322 1595 pri·

356 1632 428 1678 mus
452 1611 535 1676 Cain
554 1609 682 1675 occisus
703 1620 764 1674 est.
807 1610 933 1675 Pharao
955 1609 1032 1674 dum
1055 1611 1320 1675 submersionem

354 1712 555 1786 moliebatur,
584 1712 768 1777 submersus
795 1724 852 1775 est
912 1711 1141 1776 Adoniheseclr
1172 1734 1317 1796 quoque

353 1810 587 1877 vicissitudinis
598 1811 695 1895 hujus
718 1823 871 1896 expertus
886 1822 934 1877 est
947 1813 1064 1895 legem.
1109 1812 1214 1876 Oham
1230 1812 1317 1878 dum

353 1914 533 1980 servitutem
549 1913 622 1981 aliis
635 1914 807 1979 affectabat
820 1912 975 1989 indicere,
986 1926 1141 1998 perpetua
1154 1913 1316 1977 servitute

354 2014 531 2078 damnatur.
574 2013 645 2081 ⁴Sic
675 2026 707 2078 et
734 2014 839 2080 Judas
872 2013 1013 2092 traditor,
1042 2015 1099 2098 qui
1128 2014 1317 2079 Dominum

353 2112 535 2195 procuravit
563 2110 836 2195 suspendendum,
863 2113 980 2195 laqueo
1013 2111 1178 2194 suspendii
1209 2111 1315 2176 vitam

354 2213 464 2278 finisse
488 2213 694 2294 dignoscitur.
738 2214 784 2277 Et
805 2213 840 2276 in
863 2213 953 2276 omni
973 2223 1069 2296 genta
1095 2224 1127 2277 et
1150 2224 1258 2288 atate,
1283 2213 1312 2277 si

353 2317 425 2401 quia
449 2314 566 2379 divinae
591 2314 841 2397 dispensationis
870 2314 1101 2379 animadvertat
1129 2314 1311 2389 historiam,

353 2418 450 2500 plane
464 2426 640 2499 cognoscet
651 2436 776 2499 semper
790 2436 862 2479 esse
876 2416 1130 2481 conformitatem
1141 2413 1310 2498 quandam

353 2518 457 2603 culpae
483 2528 516 2580 et
539 2539 656 2601 poeuae.
706 2517 803 2590 Quod
829 2518 947 2601 loquor
971 2516 1153 2600 experimur
1178 2526 1210 2579 et
1232 2537 1309 2595 nos,

352 2619 557 2701 agnoscimus
572 2619 697 2701 justum
719 2620 881 2701 flagellum
904 2620 1071 2702 culparum
1092 2618 1225 2696 conscii,
1246 2639 1306 2683 ex·

352 2730 530 2803 pectantes,
545 2719 602 2783 aed
621 2740 687 2781 non
707 2718 937 2799 desiderantes,
952 2732 988 2785 ut
1002 2722 1036 2783 in
1053 2721 1200 2804 proximo
1215 2721 1309 2803 virga

352 2821 554 2904 corripientis
581 2830 799 2904 retorqueatur
821 2823 854 2885 in
883 2834 1017 2887 tortores
1045 2835 1078 2887 et
1106 2822 1307 2887 adversarios

351 2930 487 2986 nostros.
542 2920 718 2985 Mallemus
746 2922 834 2985 enim
868 2922 956 3006 qnod
992 2923 1165 2987 adversarii
1202 2924 1305 2987 nostri

350 3022 574 3105 resipiscerent
597 3033 630 3086 et
649 3021 788 3088 redirent
807 3037 844 3088 ut
867 3024 936 3101 filii,
958 3045 1054 3108 quam
1076 3036 1121 3102 ut,
1144 3025 1232 3108 quod
1256 3025 1306 3091 eis

350 3125 506 3203 imminet,
526 3135 734 3207 torqueantur
755 3135 790 3187 ut
815 3126 906 3188 servi.
952 3127 1038 3188 Nam
1059 3126 1170 3189 talium
1199 3147 1305 3207 genus

349 3226 478 3290 nonnisi
501 3225 670 3308 suppliciis
694 3225 890 3289 emendatur.
934 3226 1053 3290 Scribit
1077 3227 1245 3305 Ezechiel,
1271 3240 1306 3293 et

350 3348 458 3393 verum
483 3338 542 3404 eat,
566 3326 642 3409 quia
667 3327 770 3410 qualis
793 3328 965 3403 consultor,
991 3330 1064 3392 talis
1089 3341 1121 3393 et
1145 3330 1304 3413 propheta

349 3428 419 3513 ejus
434 3436 495 3505 est,
507 3422 541 3492 et
555 3448 574 3492 a
589 3427 670 3491 sacie
690 3426 824 3489 Domini
839 3428 969 3510 spiritus
984 3429 1125 3492 mendax
1139 3429 1303 3510 egreditur

350 3530 468 3608 adhuc,
482 3544 520 3593 ut
538 3529 626 3594 sitin
643 3550 697 3593 ore
713 3530 857 3594 omnium
872 3530 1115 3613 prophetarum,
1127 3530 1256 3606 Achab,
1270 3542 1304 3596 et

348 3634 498 3696 similium
514 3652 636 3715 regum.
681 3631 736 3695 Sic
752 3640 784 3694 et
804 3652 863 3693 rex
876 3632 1051 3711 Anglorum
1065 3643 1102 3695 ut
1116 3629 1230 3695 dicunt
1245 3633 1302 3717 qui

345 3733 570 3816 appellatorias
590 3730 837 3813 archisynagogi
852 3730 1029 3807 audierant,
1044 3734 1215 3814 episcopos
1236 3733 1301 3797 sihi

346 3832 526 3896 conformes
540 3832 648 3907 habet,
663 3833 729 3915 qui,
744 3842 780 3895 ut
802 3831 842 3895 de
862 3830 933 3895 aliis
954 3832 1110 3914 scriptum
1125 3845 1183 3911 est,
1198 3832 1301 3897 docu-

345 3943 438 3996 erunt
457 3931 599 4012 linguam
622 3952 711 3993 suam
731 3932 820 4014 loqui
842 3931 1055 4007 mendacium,
1078 3945 1110 3996 et
1132 3946 1167 3997 ut
1185 3933 1307 4019 inique

345 4044 485 4116 agerent,
499 4033 731 4110 laboraverunt,
753 4032 906 4097 sollicitat
925 4035 1006 4097 alios
1026 4045 1062 4100 ut
1081 4038 1252 4115 subvertat,
1267 4050 1302 4101 et

344 4159 417 4202 eurn
440 4136 495 4200 alii
519 4134 723 4199 sollicitando
748 4135 943 4199 subvertunt.
989 4138 1093 4209 Quam
1116 4139 1300 4221 gloriosam,

344 4259 442 4322 quam
464 4236 663 4314 catholicam,
685 4257 781 4320 quam
805 4236 893 4319 piam
917 4238 1086 4321 epistolam
1109 4240 1300 4304 Coloniensi

344 4338 548 4404 schismatico
574 4357 677 4419 nuper
702 4338 835 4413 miserit,
857 4360 899 4402 ex
924 4341 1078 4423 rescripto
1104 4341 1184 4427 ejus,
1207 4342 1299 4425 quod

344 4442 435 4505 vobis
452 4439 598 4517 mittitur,
612 4440 748 4520 potestis
770 4440 991 4523 conjicerent
1013 4452 1123 4525 pateat
1145 4442 1298 4507 omnibus

340 4560 571 4627 quamverum
600 4540 652 4619 sit,
674 4540 761 4624 quod
784 4540 824 4603 de
852 4541 971 4624 pietate
997 4554 1030 4606 et
1054 4542 1181 4626 justitia
1210 4543 1298 4626 regis

340 4645 434 4708 vestri
450 4653 540 4707 tanta
555 4642 752 4707 confidentia
767 4643 968 4725 praedicatur.

383 4745 435 4808 Ad
450 4746 557 4828 ipsum
579 4766 707 4828 quoque
730 4758 1003 4829 supervenerunt
1024 4759 1156 4832 exparte
1171 4748 1296 4812 domini

340 4846 380 4907 de
403 4845 654 4912 Montelerrandi
673 4848 925 4926 vani'illusores,
947 4850 1048 4915 abhas
1072 4850 1196 4914 scilicet
1218 4850 1297 4915 clu-
