3300 6434
391 1236 467 1294 ¹992
657 1250 793 1294 roanurs
808 1246 1082 1297 sanasanursusrs
1258 1225 1311 1311 [a.
1330 1226 1365 1291 n.

403 1411 436 1465 et
456 1404 642 1465 anctoritate
661 1400 789 1484 gradus,
809 1414 841 1464 et
860 1402 1032 1465 litterarum
1053 1411 1086 1463 et
1103 1400 1231 1463 habitus
1253 1400 1363 1462 simn-

388 1503 521 1566 .lati0ne
533 1504 734 1587 praeminant,
747 1502 946 1586 periclitetur
955 1501 1141 1565 innocentia
1154 1501 1233 1583 ejus.
1271 1500 1363 1563 Naro

391 1612 435 1665 -et
446 1604 544 1668 duces
561 1606 615 1687 qui
630 1605 664 1667 in
680 1605 778 1667 Israel
790 1604 895 1667 officio
907 1604 1169 1687 principabantur
1183 1614 1216 1666 et
1229 1601 1363 1675 merito,

402 1706 535 1789 Moyses
550 1705 701 1770 videlicet
720 1717 751 1769 et
765 1708 884 1782 Aaron,
899 1706 939 1769 ad
959 1725 1059 1789 aquas
1079 1702 1361 1777 contradictionis,

390 1804 523 1886 impetu
539 1806 752 1868 multitudinis
771 1807 854 1890 lapsi
876 1817 959 1877 sunt,
975 1816 1011 1868 ut
1025 1815 1114 1868 terrm
1130 1799 1360 1886 promissionis

392 1904 636 1969 demererentur
658 1906 831 1968 introitum.
877 1905 973 1988 Apud
995 1925 1057 1966 nos
1079 1925 1154 1967 vero
1174 1904 1260 1966 fama
1285 1903 1359 1964 rul-

401 2005 497 2087 gavit,
513 2008 686 2087 Anglorum
702 2008 874 2090 episcopos
882 2007 950 2089 jam
967 2006 1088 2087 saepius
1101 2005 1302 2081 convenisse,
1318 2015 1358 2066 ut

400 2105 578 2170 deliberent
599 2120 632 2171 et
658 2107 835 2171 decernant
858 2107 937 2191 quid
960 2107 1046 2169 facto
1075 2127 1157 2188 opus
1180 2104 1231 2168 sit
1285 2104 1355 2167 Sed

401 2208 478 2291 quid
494 2231 605 2292 quaeso
620 2231 690 2271 vere
712 2209 897 2285 decernent,
912 2209 972 2270 nisi
992 2230 1026 2271 ae
1047 2209 1165 2269 turbari
1181 2217 1214 2270 et
1229 2208 1355 2284 timere,

400 2320 433 2371 et
462 2319 631 2391 utrumque
657 2330 753 2390 supra
778 2308 935 2370 modum?
969 2307 1047 2390 qnid
1074 2306 1260 2383 decement‚
1288 2308 1357 2369 nisi

401 2409 486 2492 quod
513 2410 627 2473 cedere
650 2411 828 2472 maluerunt
848 2408 1060 2491 impudenter,
1084 2428 1180 2491 quam
1202 2406 1354 2491 injuriam

399 2510 529 2572 viriliter
547 2509 758 2593 propulsare?
783 2510 862 2594 quid
884 2511 1059 2572 decernent
1073 2530 1156 2585 rere,
1177 2509 1241 2572 nisi
1262 2508 1351 2592 quod

398 2610 550 2693 iniquitas
565 2611 756 2688 dominetur,
772 2623 805 2674 et
825 2612 887 2693 ipsi
908 2610 1120 2704 peccantibus
1141 2630 1205 2672 non
1222 2631 1349 2673 annun·

400 2708 487 2771 ciant
502 2708 598 2771 vitam
614 2728 714 2786 suam,
729 2729 789 2771 nec
806 2711 888 2772 viam
906 2709 1039 2771 Domini
1055 2708 1251 2773 ostendunt?

389 2840 392 2847 ·
443 2812 514 2872 Nec
540 2810 602 2872 hoo
628 2810 776 2888 dixerim,
799 2810 886 2894 quod
912 2832 985 2874 eum
1004 2811 1098 2873 velim
1120 2819 1176 2873 aut
1196 2809 1351 2873 suadeam

389 2912 418 2958 ·“
429 2910 562 2990 dirigere
574 2910 705 2973 brachia
716 2923 827 2974 contra
840 2911 1039 2984 torrentem‚”
1050 2923 1104 2974 ant
1114 2922 1151 2974 ut
1161 2933 1196 2974 sa
1207 2912 1351 2974 multitu·

399 3012 467 3075 dini
478 3012 693 3092 imprudenter
702 3024 863 3095 opponat:
880 3024 912 3076 et
923 3012 1093 3075 ecclesiam
1108 3034 1198 3077 suam
1208 3028 1354 3095 exponat

398 3113 550 3195 periculis
576 3124 609 3174 et
635 3113 800 3188 mmmnis5
831 3112 887 3175 sed
913 3125 948 3175 ut
972 3113 1114 3175 imitetur
1136 3112 1224 3197 quod
1246 3115 1353 3178 bonos

387 3214 510 3277 ¹fecisse
533 3213 678 3292 legimus,
702 3213 801 3277 Cusai
824 3214 1021 3290 Arachitem,
1044 3214 1098 3298 qni
1124 3214 1352 3278 consiliumet

392 3314 550 3378 malitiam
580 3314 774 3397 Achitophel
808 3313 1024 3378 moderatione
1055 3315 1199 3378 adhibita
1227 3315 1354 3381 studuit

391 3415 560 3499 dissipare,
581 3427 613 3477 et
631 3416 664 3477 in
684 3436 724 3477 eo
739 3415 834 3477 etiarn
855 3414 984 3477 fidelius
1003 3435 1076 3477 oum
1098 3417 1260 3479 Absalone
1282 3439 1353 3481 rer·

389 3529 483 3580 satus
512 3526 572 3593 est,
601 3514 687 3599 quod
713 3516 743 3578 ei
769 3516 933 3579 materiam
964 3516 1122 3599 peccandi
1148 3517 1287 3594 sustulit,
1316 3530 1352 3584 et

397 3619 558 3701 patricidii
587 3618 750 3701 praeclusit
786 3618 999 3680 occasionem.
1059 3619 1226 3702 Numquid
1263 3622 1354 3685 enim

395 3721 508 3783 fideles
524 3721 675 3802 opinariS,
690 3721 743 3803 qui
759 3720 919 3802 peccandi
935 3721 1001 3781 rias
1016 3718 1147 3782 domino
1163 3723 1229 3802 regi
1244 3743 1349 3807 expe·

397 3820 500 3891 diunt,
516 3829 549 3881 et
569 3820 603 3880 in
623 3841 662 3882 eo
684 3820 820 3882 studiosi
843 3831 928 3896 sunt,
951 3831 986 3882 ut
1009 3833 1210 3903 prosperetur
1229 3823 1264 3884 in
1287 3824 1354 3903 his,

397 3941 468 4006 qum
484 3919 635 3983 adversus
652 3921 782 3982 Domini
793 3921 949 4003 justitiam
970 3922 1225 4005 praesumuntur?
1265 3926 1353 3990 Uter

394 4023 452 4085 tibi
467 4020 591 4084 videtur
602 4019 738 4096 fidelior,
748 4042 788 4082 an
805 4020 860 4101 qui
876 4019 916 4083 ad
930 4032 1043 4084 nutum
1055 4023 1176 4085 erronei
1188 4025 1353 4091 ministrat

386 4126 519 4207 culpas,
535 4145 575 4185 an
592 4123 646 4208 qui
663 4122 859 4205 perniciosas
874 4123 975 4204 abigit
989 4125 1189 4207 voluptates?
1220 4126 1352 4194 Sentiat

394 4224 614 4307 unusquisque
637 4223 723 4306 quod
739 4222 882 4285 voluerit.
927 4224 1000 4303 Ego
1020 4245 1193 4308 numquam
1214 4224 1354 4292 domino

395 4334 427 4386 et
441 4323 545 4385 amico
562 4320 717 4402 reputabo
741 4322 879 4397 fidelem,
897 4324 953 4406 qni
974 4324 1020 4385 sic
1043 4324 1129 4386 illius
1144 4326 1353 4409 obtemperat

386 4424 560 4506 uoluptati,
577 4436 612 4485 ut
635 4424 744 4485 salutis
761 4434 794 4485 et
809 4426 882 4486 vitae
899 4424 1105 4506 dispendium
1121 4429 1251 4492 afferat:
1280 4432 1351 4495 nisi

387 4528 473 4590 torte
498 4526 588 4586 Sauli
615 4525 742 4586 fidelem
770 4535 864 4606 putes
891 4525 988 4588 suisse
1020 4525 1198 4590 Idumaeum
1224 4530 1353 4611 Doeth,

390 4627 447 4708 qui
462 4625 644 4688 sacerdotes
664 4625 797 4687 Domini
818 4627 935 4706 gladio,
950 4648 1015 4709 quo
1037 4629 1178 4710 seipsum
1194 4631 1353 4696 manases·

392 4747 484 4789 snrns
513 4736 589 4802 erat,
617 4726 749 4804 occidit,
775 4739 808 4788 et
838 4727 1032 4810 Achitophel
1056 4730 1117 4792 fuit
1145 4733 1353 4798 necessarius

388 4827 557 4905 Absaloni,
572 4850 636 4913 quo
653 4826 807 4890 suadente
823 4829 927 4909 palam
943 4830 976 4890 in
993 4851 1125 4896 uxorem
1141 4832 1240 4914 patris
1256 4854 1353 4899 com·
