3300 6434
348 1291 542 1371 itta-64]
731 1309 910 1354 spissum.

440 1597 664 1662 EPISTOLA
686 1598 886 1660 xcii-sn
901 1614 1081 1659 noancnos
1097 1616 1140 1659 ns
1158 1614 1187 1659 s.

676 1740 849 1803 Monacln's
863 1741 902 1804 de
916 1741 962 1803 N.

388 1876 520 1938 Ontrnrt
534 1873 670 1937 animam
692 1873 905 1960 potestatibus
926 1873 1142 1960 superioribus
1163 1873 1296 1959 subjicit

346 1975 484 2060 Spiritus
499 1975 597 2039 sancti
614 1998 670 2058 per
685 1976 864 2061 apostolum
878 2000 970 2041 suum
982 1976 1094 2039 emissa
1110 1976 1295 2062 praeceptio,

344 2077 395 2140 cui
418 2076 562 2163 quisquis
585 2077 714 2152 resistit,
737 2077 852 2142 divinae
874 2077 1074 2163 dispositioni
1096 2076 1295 2141 convincitur

344 2180 511 2245 contraire.
565 2179 677 2244 Virtus
706 2180 730 2243 si
761 2180 892 2266 quidem
923 2178 1112 2245 obedientiae
1140 2192 1200 2254 est,
1230 2200 1296 2263 qua

343 2280 459 2346 divinis
473 2280 623 2357 humana,
639 2293 763 2345 terrena
778 2279 959 2346 coelestibus
974 2278 1145 2346 sociantur.
1192 2281 1296 2365 Cujus

344 2395 587 2467 contemptores,
609 2398 765 2469 quantum
790 2384 822 2447 in
849 2406 882 2447 se
906 2396 965 2462 est,
985 2382 1134 2448 scindunt
1157 2380 1296 2444 ecclesiae

345 2483 512 2559 unitatem,
524 2497 555 2548 et
572 2483 760 2568 dirumpunt
776 2504 960 2571 compagem
977 2482 1120 2569 spiritus,
1134 2503 1209 2568 quae
1223 2503 1298 2544 con-

344 2585 427 2650 sistit
444 2586 477 2650 in
495 2585 621 2649 vinculo
642 2585 738 2672 pacis.
785 2586 882 2650 Unde
904 2584 946 2647 de
961 2599 1066 2649 vestra
1087 2582 1297 2661 fraternitate,

345 2707 420 2773 quoe
434 2709 492 2773 per
507 2685 751 2750 misericordiam
770 2687 843 2764 Dei,
855 2686 1000 2752 arctioris
1013 2686 1086 2749 vitae
1097 2686 1238 2772 professa
1249 2696 1297 2748 est

344 2791 499 2873 regulam,
511 2802 543 2852 et
560 2787 813 2853 eminentissimae
829 2787 989 2871 religionis
1006 2801 1149 2851 assecuta
1163 2799 1210 2850 est
1226 2807 1299 2869 gra-

344 2890 442 2970 dum;
469 2892 546 2955 satis
560 2890 709 2954 admirari
725 2912 788 2953 non
804 2912 983 2976 possumus,
999 2889 1086 2975 quod
1108 2887 1295 2951 mandatum

345 2991 464 3056 domini
476 3007 606 3077 papaeet
617 2990 1164 3077 nostrumhactenuscontempsistis.
1187 2990 1296 3067 Quum

346 3093 429 3156 enim
447 3115 505 3155 vos
520 3114 558 3157 ex
575 3091 725 3155 mandato
745 3090 920 3177 apostolico
940 3092 1068 3177 saepius,
1084 3104 1121 3155 ut
1141 3089 1297 3173 oportuit,

346 3208 378 3259 et
403 3194 486 3259 forte
509 3194 625 3280 saepius
649 3216 745 3280 quam
769 3192 948 3279 oportuerit
973 3206 1107 3280 paterna
1129 3192 1298 3278 diligentia

346 3294 656 3375 commonuissemus,
668 3307 828 3381 quatenus
839 3292 975 3357 decimas
986 3292 1144 3356 Roffensia
1158 3289 1297 3355 ecclesiae

345 3398 452 3463 Paridi
483 3396 706 3463 archidiacono
733 3407 769 3459 ut
794 3395 924 3480 justitia
950 3393 1050 3477 exigit
1076 3391 1298 3467 restitueretis,

345 3502 469 3566 iteratis
484 3503 653 3587 praeceptis
669 3521 730 3562 non
749 3497 845 3562 modo
865 3519 928 3559 non
948 3497 1152 3581 profecimus,
1168 3493 1226 3572 sed
1239 3516 1297 3559 nec

347 3602 562 3689 subjectionis,
576 3614 632 3665 aut
648 3599 783 3685 alicujus
804 3596 995 3661 humilitatis
1011 3596 1099 3659 verbi
1121 3607 1178 3659 sut
1192 3595 1297 3683 operis

346 3704 537 3782 testimonio,
552 3700 643 3767 nobis
657 3721 833 3785 apparuere
846 3699 988 3783 vestigia.
1023 3698 1106 3776 Quia
1121 3721 1208 3781 ergo,
1221 3698 1296 3763 licet

347 3819 487 3868 nostram
508 3802 730 3889 aequanimiter
752 3799 913 3864 interdum
938 3812 1063 3885 portare
1077 3799 1234 3887 possimus
1248 3799 1296 3865 in-

342 3905 473 3992 juriam,
499 3917 717 3991 contemptum
741 3901 862 3967 domini
892 3925 985 3989 papae
1010 3902 1207 3968 dissimulare
1233 3925 1296 3967 non

348 4030 526 4095 possumus,
551 4029 608 4072 nec
632 4006 796 4083 debemus,
819 4005 909 4071 vobis
928 4004 1142 4092 preacipiendo
1168 4004 1298 4072 manda·

346 4134 429 4190 mus,
446 4124 482 4176 ut
498 4110 581 4175 omni
598 4111 760 4175 occasione
781 4120 813 4172 et
834 4107 986 4172 dilatione
1000 4119 1133 4186 remota,
1148 4105 1299 4191 praelatas

348 4212 485 4277 decimas
518 4225 691 4278 memorato
727 4208 949 4274 archidiacono
980 4209 1077 4294 juxta
1113 4204 1296 4270 mandatum

347 4316 554 4401 apostolicum
577 4312 765 4388 restituatis,
787 4335 805 4374 a
825 4310 954 4388 divinis,
978 4310 1149 4373 secundum
1177 4321 1300 4374 statuta

349 4429 489 4501 patrum,
505 4416 709 4493 abstinentes,
728 4412 828 4476 donec
848 4410 966 4474 domini
987 4432 1079 4495 papae
1100 4409 1298 4491 mandatum,

348 4531 380 4582 et
406 4533 548 4582 nostrum
576 4514 801 4602 impleveritis:
840 4512 1001 4576 ecclesiam
1029 4535 1159 4598 quoque
1188 4510 1297 4575 nullus

350 4633 489 4684 vestrum
503 4631 673 4706 praesumat
689 4614 824 4701 ingredi,
835 4614 910 4678 dutn
922 4612 1050 4676 crimine
1062 4612 1298 4690 inobedientiae,

349 4720 450 4786 scelus
465 4718 617 4786 ariolandi
633 4733 664 4783 et
680 4716 868 4781 idololatriae
883 4713 1082 4802 perpetretis.
