3300 6434
353 1247 547 1327 rios-el]
734 1264 912 1309 nrisroms.
1258 1246 1301 1306 69

349 1427 383 1477 et
410 1415 435 1477 si
467 1414 545 1499 quid
574 1415 773 1499 tyrannicum
805 1412 942 1476 atrocius
971 1410 1146 1495 excogitari
1170 1408 1298 1495 potest?

350 1517 395 1578 Et
410 1515 541 1601 quidem
558 1517 637 1578 bene
652 1538 724 1578 cum
741 1513 871 1577 ecclesia
885 1526 992 1576 actum
1008 1526 1068 1590 est,
1081 1511 1168 1597 quod
1180 1514 1299 1586 Caesar,

347 1616 406 1700 qui
422 1616 542 1691 aderat,
559 1616 652 1701 plura
662 1616 778 1701 jubere
793 1615 934 1689 erubuit,
951 1604 1047 1701 quam
1063 1615 1134 1700 ipsa
1148 1613 1225 1698 pati.

393 1721 519 1783 Possem
545 1718 693 1803 pluribus
717 1718 817 1781 adea
841 1740 915 1802 quae
939 1716 1093 1801 scripsisti
1118 1714 1300 1786 rescribere,

348 1817 401 1880 sed
425 1819 494 1881 haec
516 1822 591 1883 satis
613 1842 679 1882 esse
702 1820 840 1882 arbitror
862 1818 903 1881 ad
926 1816 1196 1901 persuadendum,
1218 1825 1254 1877 ut
1273 1813 1299 1876 si

349 1918 417 1981 fieri
432 1932 549 2005 potest,
566 1919 782 1983 Alexandrum
803 1919 953 1982 dominus
973 1917 1138 1983 Remensis
1158 1914 1300 2001 recipiat,

349 2034 381 2083 et
394 2042 578 2099 consensus,
593 2021 619 2083 si
639 2021 686 2084 ita
701 2021 816 2084 viderit
836 2019 997 2105 expedire,
1014 2019 1115 2081 donec
1134 2017 1202 2091 fiat,
1217 2038 1301 2078 com-

349 2120 442 2183 mode
457 2121 634 2185 differatur.
681 2122 763 2185 Nam
780 2122 841 2184 hoc
862 2123 938 2184 satis
952 2142 1138 2205 persuasum
1153 2116 1248 2179 credo
1263 2128 1301 2180 ut

349 2244 411 2284 non
428 2221 606 2306 acquiescat
625 2222 828 2308 imperatoris
848 2220 967 2283 idolum
989 2220 1130 2284 adorare.
1178 2218 1210 2280 Si
1227 2240 1301 2280 vero

348 2321 525 2406 periculum
554 2322 743 2401 immineret,
767 2344 833 2384 rem
864 2322 991 2385 interim
1014 2319 1134 2383 differri
1165 2340 1302 2381 commo·

348 2422 512 2487 dissimum
529 2430 585 2485 est.
633 2424 672 2485 ln
693 2422 791 2485 rebus
810 2421 920 2485 arduis
938 2421 1114 2507 periculosa
1127 2432 1175 2483 est
1190 2418 1301 2503 praeci·

348 2522 472 2606 pitatio,
497 2534 529 2586 et
556 2544 643 2585 mora
665 2545 740 2607 quae
761 2522 794 2584 in
820 2522 915 2585 rebus
937 2521 1097 2606 expeditis
1122 2519 1299 2604 periculum

347 2623 456 2700 trahit,
472 2622 655 2709 frequenter
675 2625 760 2706 parit
778 2624 1050 2709 opportunitatem
1075 2619 1299 2705 gerendorum.

348 2724 512 2810 Pupiensis
541 2738 572 2789 et
612 2724 815 2789 Placentinus
853 2724 990 2809 episcopi
1028 2722 1104 2786 satis
1141 2734 1173 2784 et
1203 2743 1301 2804 supra

350 2825 493 2900 modum,
509 2848 568 2911 pro
590 2839 681 2910 parte
696 2848 770 2910 quae
790 2824 921 2889 confidit
938 2828 969 2887 in
987 2823 1124 2899 homine,
1140 2822 1300 2886 sollicitati

348 2938 435 3003 sunt,
452 2923 506 2986 sed
529 2938 642 2988 neuter
665 2946 773 2986 eorum
796 2922 954 2986 consensit
974 2922 1105 2987 consilio
1124 2937 1156 2985 et
1177 2922 1301 2986 actibus

348 3025 541 3108 iniquorum,
553 3024 702 3107 quoniam
715 3036 884 3109 expectant
896 3038 927 3086 et
939 3024 999 3109 ipsi
1012 3046 1146 3108 regnum
1159 3023 1301 3101 Domini,

347 3125 392 3187 eis
421 3138 527 3189 tamen
557 3125 701 3187 imminet
735 3125 918 3210 imperator,
948 3137 985 3188 ut
1003 3147 1123 3187 -eorum
1154 3122 1300 3210 exemplo

348 3224 487 3288 roborati
503 3223 686 3287 remotiores
701 3224 835 3287 verbum
850 3224 969 3288 faciant
991 3247 1050 3310 pro
1067 3224 1199 3288 veritate
1214 3246 1302 3287 secu-

350 3326 428 3401 rius,
444 3325 647 3390 ascendentes
661 3347 702 3388 ex
714 3325 848 3389 adverso
863 3325 1027 3412 luporum,
1040 3331 1158 3412 seipsos
1174 3347 1300 3389 murum

348 3440 510 3512 opponant
526 3428 806 3512 inexpugnabilem
822 3450 882 3513 pro
896 3428 993 3490 domo
1011 3426 1119 3489 Israel.
1163 3428 1209 3488 Et
1224 3425 1302 3509 quie

349 3526 407 3589 tibi
422 3548 484 3590 non
500 3526 593 3591 aliter
608 3549 644 3588 ac
659 3528 738 3591 mihi
757 3527 818 3611 ipsi
841 3526 964 3611 loquor,
980 3526 1135 3610 quicquid
1150 3526 1252 3590 fervet
1267 3525 1300 3589 in

346 3639 485 3710 pectore,
512 3639 658 3710 patenter
684 3647 851 3710 exponam.
897 3627 952 3688 Tu
979 3625 1071 3711 quasi
1097 3625 1240 3703 vicinior,
1267 3640 1300 3690 et

347 3726 399 3788 cui
429 3749 533 3789 rerum
564 3726 660 3789 facies
689 3725 879 3790 familiarius
907 3727 1088 3803 innotescit,
1112 3727 1231 3813 poteris
1259 3728 1301 3791 de

346 3826 480 3911 singulis
495 3826 619 3913 plenius
634 3841 666 3891 et
680 3826 807 3891 fidelius
824 3827 980 3913 judicare.
1028 3831 1061 3895 Si
1082 3830 1300 3894 schismaticus

256 3988 260 4002 ,
348 3929 439 3990 furor
462 3928 619 3991 roboratis
646 3928 792 4015 partibus
818 3930 924 3993 minus
945 3931 1113 4014 ingruerit,
1141 3945 1178 3995 ut
1205 3954 1301 4017 penes

347 4051 428 4114 quos
442 4028 582 4092 ecclesiae
603 4033 757 4095 Romanae
777 4044 898 4095 constet
918 4032 1104 4109 auctoritas,
1119 4055 1186 4096 esse
1201 4033 1299 4115 possit

347 4130 546 4215 ambiguum,
562 4130 640 4193 nibil
662 4132 742 4194 mihi
757 4131 887 4196 videtur
907 4136 1094 4211 consultius,
1108 4155 1203 4217 quam
1219 4154 1301 4217 pra·-

345 4231 508 4295 electionis
523 4232 709 4296 sententiam
726 4232 847 4295 differri
860 4234 893 4296 in
906 4232 989 4296 diem
1007 4232 1208 4296 revelationis
1217 4232 1299 4317 justi

341 4329 458 4414 judicii
474 4332 616 4410 Domini,
632 4332 781 4417 quoniam
798 4331 854 4395 illa
869 4334 935 4396 sola
955 4334 1024 4397 dies
1039 4334 1157 4397 victum
1174 4332 1300 4396 factura

345 4443 509 4493 nocentem
525 4443 582 4493 est.
628 4432 663 4494 Si
679 4430 822 4515 quidem,
838 4444 875 4496 ut
891 4433 936 4495 ait
948 4433 1015 4512 ille,

480 4578 563 4630 Nulla
576 4596 668 4631 manus
680 4578 742 4632 belli
755 4585 855 4633 mutato
862 4582 952 4652 judice
964 4599 1028 4652 pura
1041 4588 1091 4634 est.

345 4725 390 4786 Et
406 4722 541 4788 hominis
552 4724 681 4810 justitia
696 4725 878 4789 meritorum
893 4728 1026 4791 veritate
1041 4750 1103 4790 non
1119 4727 1226 4815 plane,
1238 4752 1299 4795 uon

343 4824 438 4908 pleno
460 4824 634 4903 intellectu,
650 4826 758 4912 aliqua
780 4828 895 4892 erroris
910 4828 995 4892 nube
1011 4828 1200 4916 plerumque
1223 4832 1298 4895 sub·
