3300 6434
360 1217 531 1297 uss-8]
751 1235 928 1280 nersronn.

526 1502 747 1566 EPISTOLA
777 1503 963 1566 VHL—sn
978 1522 1132 1567 nurnero.

618 1636 759 1697 Domino
770 1655 867 1714 popae
883 1634 1040 1700 Adriano.

397 1773 549 1832 Vnursus
573 1767 613 1832 ad
637 1780 776 1831 nostram
800 1770 1001 1852 praesentiam
1028 1770 1115 1856 prior
1140 1772 1305 1838 Rumelia-

351 1870 452 1935 censis
481 1868 665 1954 postulabat
694 1867 858 1933 ecclesiam
892 1869 933 1933 de
965 1872 1175 1956 Coggeshala‚
1205 1898 1302 1961 quam

352 1972 497 2035 monachi
509 1975 549 2036 de
562 1970 761 2056 Coggesbaia
773 1992 831 2056 per
842 1973 1049 2036 intrusionem
1059 1991 1302 2061 occupaverant,

352 2088 461 2139 nostro
495 2073 597 2137 officio
634 2072 694 2136 sibi
731 2073 868 2137 restitui.
915 2072 1043 2161 Elapsis
1080 2098 1157 2139 vero
1191 2080 1301 2162 paucis

351 2177 464 2241 diebus
486 2176 584 2239 abbas
606 2174 723 2238 citatus
745 2186 776 2238 et
792 2175 906 2238 tratres
924 2175 993 2261 jam
1016 2176 1094 2241 dicti
1118 2178 1178 2241 loci
1193 2200 1300 2243 coram

352 2278 442 2342 nobis
461 2290 689 2364 apparuerunt,
705 2276 803 2360 priori
827 2297 922 2360 super
943 2277 1074 2341 ecclesia
1096 2278 1150 2342 ilia
1173 2301 1301 2366 respon·

351 2381 426 2444 suri.
474 2382 581 2456 Quum
597 2401 672 2441 vero
687 2376 774 2464 prior
785 2400 876 2441 suam
887 2378 1096 2443 intentionem
1109 2396 1302 2460 renovasset,

350 2483 450 2547 abbas
485 2480 596 2545 habito
625 2480 756 2543 consilio
785 2502 859 2543 cum
892 2480 1047 2545 fratribus
1077 2482 1240 2569 respondit
1269 2508 1302 2549 se

345 2588 413 2671 jam
450 2583 567 2647 dietam
603 2581 765 2646 ecelesiam
802 2580 951 2647 canonice
988 2582 1135 2648 habuisse
1172 2608 1300 2650 assensu

350 2687 516 2773 cujusdam
532 2684 722 2761 Theobaldi,
739 2687 794 2770 qui
811 2684 842 2746 in
859 2684 1094 2749 Rumeliacensi
1110 2686 1301 2753 monasterio

351 2789 438 2873 prior
453 2788 614 2861 extiterat,
630 2798 789 2849 conventu
810 2786 926 2871 prioris
946 2788 1178 2851 concessionem
1200 2811 1300 2854 annu·

350 2904 433 2969 ente,
448 2902 480 2953 et
500 2888 708 2974 approbante.
754 2886 950 2973 Adjecerunt
970 2890 1065 2954 etiam
1089 2912 1122 2953 se
1142 2888 1182 2952 de
1203 2889 1301 2956 dona-

350 2993 435 3056 tione
450 2990 542 3054 istius
557 2989 707 3065 ecclesiae,
723 3012 781 3075 pro
796 2989 958 3075 pensione,
974 2989 1015 3053 de
1030 3013 1095 3076 qua
1109 2992 1300 3057 monasterio

349 3092 576 3159 Rumiliacensi
601 3091 751 3155 solvenda
779 3091 863 3154 inter
892 3111 948 3157 eos
976 3107 1176 3171 convenerat,
1205 3106 1299 3159 testes

348 3196 515 3260 babituros
533 3192 575 3257 de
595 3192 755 3256 monachis
776 3192 1074 3259 Romiliacensibus.
1119 3195 1169 3259 Ut
1190 3207 1297 3260 autem

348 3299 414 3362 suis
439 3296 657 3362 instrumentis
683 3308 714 3359 et
741 3295 878 3359 testibus
904 3295 953 3360 uti
983 3308 1110 3382 possent
1139 3296 1181 3361 ad
1207 3319 1296 3361 suam

346 3397 557 3463 innocentiam
573 3395 813 3472 ostendendam,
830 3397 999 3461 terminum
1016 3397 1076 3461 sibi
1091 3398 1296 3481 postulabant

346 3498 525 3583 indulgeri:
551 3498 637 3583 quod
661 3520 761 3582 quum
780 3498 905 3583 judicio
930 3498 1153 3572 obtinuissent,
1180 3499 1296 3561 Rumi-

346 3602 461 3665 liacum
494 3599 639 3685 profecti,
671 3598 856 3661 coadunatis
887 3599 1041 3661 universis
1076 3598 1229 3663 fratribus
1262 3603 1295 3664 in

346 3701 500 3787 capitulo,
515 3721 581 3776 eos,
597 3721 733 3784 quorum
754 3699 940 3763 nitebantur
963 3700 1153 3777 testimonio,
1169 3700 1296 3766 minime

345 3816 543 3889 repererunt,
559 3801 636 3887 quia
656 3822 756 3886 quum
778 3802 867 3886 prior
887 3802 947 3867 loci
970 3802 1118 3867 omnibus
1140 3804 1295 3869 fratribus

345 3908 377 3969 in
405 3909 524 3969 virtute
553 3902 744 3967 obedientiae
767 3904 960 3989 injunxisset
990 3918 1027 3970 ut
1057 3905 1294 3990 egredientibus

344 4006 413 4073 aliis
435 4006 481 4071 iili
504 4008 561 4071 soli
582 4019 789 4082 remanerent,
805 4007 861 4091 qui
885 4008 1077 4073 concessioni
1099 4028 1183 4092 saepe
1199 4008 1294 4073 dictae

344 4110 482 4174 ecelesiae
507 4108 616 4172 abbati
640 4119 673 4171 et
699 4107 861 4171 monacbis
886 4108 1048 4194 praedictis
1076 4108 1170 4173 sacta.
1199 4112 1295 4173 inter-

344 4214 482 4290 fuerant,
498 4233 554 4273 nec
570 4232 654 4273 unus
669 4210 764 4284 solus,
778 4222 815 4273 ut
827 4209 919 4272 nobis
930 4210 1050 4273 dictum
1064 4222 1123 4286 est,
1133 4210 1293 4275 remansit.

345 4312 443 4387 Quod
461 4334 562 4396 quum
578 4312 692 4373 fratres
708 4310 873 4373 memorati
890 4310 950 4373 loci
971 4309 1133 4381 vidissent,
1151 4322 1292 4372 astruere

344 4424 522 4499 coeperunt,
547 4414 582 4473 P.
601 4411 656 4472 W.
674 4411 701 4472 Ι.
718 4424 749 4474 et
764 4411 807 4472 R.
832 4410 975 4474 adalind
994 4410 1176 4474 coeuobium
1193 4432 1232 4472 ex
1247 4409 1294 4472 in-

344 4516 468 4578 dustria
491 4511 603 4595 prioris
625 4510 735 4573 missos
757 4533 834 4585 esse,
851 4533 889 4574 ne
912 4532 978 4575 suae
1000 4511 1128 4575 veritati
1151 4512 1292 4576 testimo·

345 4617 432 4680 nium
448 4613 662 4700 perhiberent.
709 4616 747 4676 In
770 4613 939 4697 praesentia
962 4611 1088 4677 tandem
1105 4613 1292 4677 venerabilis

345 4717 452 4782 fratris
467 4715 566 4781 nostri
584 4714 716 4782 Milonis
731 4714 869 4801 episcopi
891 4716 1104 4794 Morinorum,
1119 4715 1289 4801 praefatum

343 4818 478 4903 priorem
509 4815 761 4902 appellaverunt,
792 4817 977 4902 ibidemque
1014 4816 1052 4880 ad
1090 4821 1289 4902 apostolatus
