3300 6434
419 1234 461 1291 ta
676 1246 812 1291 ronanus
829 1245 1106 1291 sanssnnnrnnsrs
1276 1227 1320 1307 [a.
1338 1246 1369 1290 n.

419 1394 645 1482 archiepiscopi
670 1399 715 1460 eis
739 1396 779 1460 de
804 1396 942 1460 ecclesiis
969 1396 1003 1460 in
1029 1396 1244 1462 testimonium
1272 1395 1370 1460 dona'·

419 1497 513 1560 tionis
534 1495 729 1575 collocatam,
752 1499 926 1563 auctoritas
949 1497 1069 1563 calixti
1091 1520 1195 1585 papas,
1210 1498 1269 1583 qui
1291 1513 1368 1563 tunc

419 1599 569 1686 temporis
582 1614 700 1665 sanctae
709 1602 864 1666 Romanae
874 1600 1013 1665 ecclesiae
1023 1599 1157 1665 feliciter
1165 1598 1370 1687 presidebat,

418 1722 476 1764 suo
504 1700 671 1787 privilegio
707 1702 841 1789 dignum
878 1701 973 1767 duxit
1002 1702 1160 1767 roborare.
1221 1701 1368 1767 Genibua

416 1803 527 1887 itaque
542 1804 716 1889 majestatis
731 1819 846 1869 vestroe
867 1803 1040 1891 provoluti,
1056 1826 1116 1891 pro
1134 1804 1289 1869 fratribus
1299 1803 1368 1889 jam
1420 1815 1425 1823 '

417 1902 511 1970 dictae
533 1905 671 1971 ecclesias
691 1919 723 1971 et
746 1929 819 1972 cum
840 1906 885 1971 eis
904 1905 1121 1992 supplicamus
1141 1906 1308 1982 attentius,
1329 1916 1365 1969 ut

416 2006 563 2072 abbatem
593 2007 721 2072 illorum
751 2007 792 2072 ad
818 2008 975 2072 auxilium
1002 2006 1226 2073 misericordiae
1252 2018 1368 2071 vestrae

415 2107 650 2195 confugientem
672 2110 821 2195 benigne,
843 2111 868 2173 si
892 2108 1008 2195 placet,
1023 2108 1211 2185 admittatis,
1226 2120 1257 2172 et
1278 2106 1366 2193 quod

416 2209 538 2273 tamdiu
554 2208 776 2295 possederunt,
790 2209 981 2273 auctoritate
994 2210 1168 2295 apostolica
1183 2209 1368 2273 roboratum

415 2308 456 2373 de
470 2322 586 2375 caetero
600 2309 709 2396 quiete
729 2310 923 2396 possideant,
938 2324 976 2375 ut
990 2310 1189 2376 orationibus
1203 2333 1243 2374 ex
1258 2308 1368 2374 debito

311 2451 315 2461 ·
417 2433 476 2497 pro
505 2414 651 2476 Romano
679 2410 829 2497 pontifice
855 2408 1006 2477 iaciendis
1035 2412 1206 2497 expeditis,
1231 2408 1367 2497 negotiis

417 2513 483 2577 suis
498 2512 640 2591 liberius,
656 2524 688 2578 et
704 2513 909 2579 affectuosius
923 2512 1047 2579 valeant
1062 2513 1236 2599 invigilare.
1269 2511 1369 2576 Char·

418 2625 467 2678 tas
481 2626 602 2691 autem,
617 2636 755 2700 quarum
776 2612 929 2701 rescripta
944 2614 1034 2679 vobis
1054 2614 1178 2701 signata
1199 2614 1366 2686 mittimus,

417 2713 565 2793 vidimus,
582 2715 729 2780 manibus
744 2714 860 2779 nostris
876 2716 1091 2782 tractavimus.

606 2912 829 2978 EPISTOLA
851 2913 1012 2976 XL.—an
1026 2930 1179 2977 annuam.

732 3039 917 3102 Alecondro
932 3037 1046 3121 Popae.

457 3167 562 3239 Quum
574 3163 657 3228 inter
667 3162 817 3227 moniales
829 3162 869 3226 de
882 3163 993 3227 Gisam
1011 3177 1043 3228 et
1060 3168 1098 3228 B.
1109 3161 1364 3228 archidiaconum

415 3266 650 3332 Norviccnsem
669 3286 764 3350 super
783 3263 914 3329 ecclesia
936 3263 976 3328 de
999 3265 1136 3330 Nenton.
1152 3264 1364 3330 controversia

414 3380 574 3454 ageretur,
586 3366 791 3432 Baldewinus
802 3366 834 3430 in
847 3366 978 3430 modum
988 3366 1183 3453 exceptionis
1193 3365 1362 3441 bonorum,

415 3493 486 3556 quoe
507 3470 568 3534 sibi
587 3492 607 3533 a
630 3467 820 3533 monialibus
837 3466 943 3531 ablata
963 3468 1102 3547 dicebat,
1116 3466 1362 3541 restitutionem,

413 3583 583 3658 antequam
597 3570 637 3635 ad
652 3591 778 3636 causam
795 3568 1001 3655 principalem
1017 3569 1210 3645 accederem,
1220 3566 1281 3632 sibi
1295 3566 1363 3631 fieri

414 3672 598 3755 postulavit.
643 3672 692 3737 Ad
716 3671 785 3735 brec
808 3669 993 3735 monialium
1016 3683 1249 3757 procuratores,
1267 3667 1364 3733 eccle-

414 3771 492 3835 siam
507 3794 596 3836 suam
613 3795 631 3835 a
648 3771 831 3836 Raldevino
846 3790 930 3858 saepe
945 3772 1119 3860 plurimum
1137 3772 1255 3859 injuste
1271 3793 1364 3835 vexa-

414 3891 477 3937 tam
494 3874 718 3960 querebantur,
732 3885 764 3937 et
780 3896 813 3936 se
829 3874 1103 3959 tergiversationes
1121 3875 1192 3959 ejus
1207 3874 1364 3936 sustinere

413 3995 475 4038 non
491 3996 594 4060 posse,
610 3997 710 4062 quum
732 3974 802 4038 illas
821 3973 852 4037 in
874 3976 1023 4059 partibus
1038 3973 1103 4038 suis
1125 3971 1363 4058 deprehendere

413 4099 505 4141 nemo
531 4077 674 4142 sufficiat.
727 4077 805 4141 ldeo
828 4075 868 4139 ad
892 4078 999 4145 sedem
1025 4072 1230 4161 apostolicam
1257 4074 1362 4158 ipsum

413 4179 666 4266 appellaverunt,
676 4177 761 4243 diem
776 4176 980 4263 praefigentes
992 4176 1244 4263 purificationem
1260 4172 1363 4236 beatae

413 4280 553 4365 Virginis
569 4279 691 4344 Mariae.

591 4495 812 4559 EPISTOLA
836 4496 911 4558 XLI
920 4515 1016 4557 .—nn
1031 4512 1183 4556 annnnu.

729 4622 916 4683 Alavundro
934 4622 1045 4699 Papo.

456 4743 620 4806 Eccnnsta
651 4742 843 4805 Morinensis
877 4741 927 4803 his
961 4741 1017 4825 qui
1054 4762 1122 4803 eanr
1161 4742 1363 4826 impugnant,

412 4856 520 4904 sancto
544 4841 692 4927 episcopo
721 4842 853 4916 Milone,
879 4855 970 4926 patre
1000 4841 1132 4926 optimo,
1161 4841 1360 4913 destitutam,
