3300 6434
352 1227 412 1285 lea
608 1231 743 1279 roannrs
760 1228 1038 1276 saansaanmrssrs
1203 1211 1247 1291 [a.
1266 1230 1295 1274 n.

347 1387 439 1451 licam
463 1383 588 1449 evolant
614 1385 821 1470 majestatem.
878 1380 959 1443 Inde
988 1392 1036 1444 est
1065 1378 1151 1465 quod
1182 1379 1295 1444 seriem

347 1490 569 1553 controversiae
584 1509 658 1572 qnae
672 1489 755 1550 inter
766 1483 940 1548 Ricardum
953 1481 993 1545 de
1005 1482 1135 1547 Anestia
1146 1493 1178 1545 et
1190 1481 1298 1546 Mabi-

345 1591 420 1655 liam
436 1590 477 1654 de
492 1587 711 1655 Franchevilla
731 1586 854 1651 diutius
873 1585 905 1648 in
926 1584 1084 1649 auditorio
1099 1597 1206 1647 nostro
1221 1606 1296 1647 ven-

346 1692 439 1758 tilata
459 1706 520 1769 est,
542 1692 583 1754 ad
609 1690 754 1756 notitiam
773 1701 911 1753 vestram
942 1684 1112 1750 transferre
1135 1708 1294 1761 curamus,

345 1806 443 1879 prout
465 1804 660 1879 emergentes
681 1789 806 1854 articuli
828 1789 934 1875 colligi
956 1798 1140 1874 potuerunt.
1187 1790 1295 1865 Quum

344 1896 455 1983 itaque
475 1897 543 1982 jam
569 1895 675 1958 dictus
700 1891 870 1969 Ricardus,
895 1905 1051 1976 cognatus
1074 1889 1230 1953 Willelmi
1255 1890 1295 1953 de

347 1997 520 2062 Saccavilla
530 2010 561 2061 et
572 2018 678 2082 nepos,
690 1994 770 2059 sicut
781 1992 897 2058 sororis
905 1993 1007 2057 filium
1020 1992 1137 2076 vulgus
1149 2003 1294 2077 nepotem

343 2099 448 2164 dicere
484 2097 658 2172 consuevit,
690 2095 874 2183 petitionem
906 2094 1102 2160 haereditatis
1131 2094 1172 2158 ad
1209 2094 1293 2157 bona

346 2200 497 2266 avunculi
525 2198 699 2264 obtinenda
726 2197 917 2272 institueret,
950 2209 1125 2261 memorata
1160 2195 1295 2261 Mabilia

345 2301 411 2366 filia
426 2300 582 2366 Willelmi
602 2322 634 2363 se
655 2298 701 2362 illi
716 2298 748 2363 in
764 2298 835 2362 foro
854 2297 1042 2363 secularium
1061 2297 1222 2385 judicum,
1238 2298 1295 2362 ubi

345 2426 396 2467 res
421 2403 623 2476 actitabatur,
649 2402 808 2488 opposuit,
835 2423 975 2465 asserens
1004 2400 1100 2464 filiam
1126 2400 1235 2487 nepoti
1262 2401 1294 2464 in

345 2519 478 2592 paterna
501 2505 686 2570 haereditate
708 2503 950 2591 praeferendam.
1002 2503 1159 2568 Ricardne
1176 2526 1250 2566 vero
1264 2504 1293 2566 ei

346 2606 425 2671 nihil
443 2608 527 2693 juris
542 2606 733 2671 haereditarii
754 2621 932 2691 competere
953 2605 1128 2690 respondit,
1144 2629 1182 2667 eo
1203 2605 1292 2690 quod

345 2729 409 2771 nnn
423 2720 503 2772 esset
519 2730 558 2771 ex
574 2706 715 2791 legitimo
736 2718 883 2790 suscepta
903 2704 1116 2783 matrimonio,
1132 2705 1186 2768 sed
1201 2703 1293 2768 adul·

346 2808 447 2874 terino
461 2821 628 2895 procreata
642 2811 821 2894 complexu.
854 2809 962 2885 Quum
977 2807 1085 2894 itaque
1100 2807 1292 2872 matrimonii

344 2910 481 2996 quaestio
511 2924 698 2987 verteretur,
730 2911 816 2997 quod
851 2908 891 2973 de
920 2908 1041 2994 regulis
1077 2909 1293 2974 ecclesiasticis

344 3011 524 3077 infirmatur
551 3025 608 3076 aut
634 3012 834 3092 convalescit,
857 3011 999 3076 decrevit
1028 3011 1117 3075 curia
1146 3012 1293 3077 catholici

343 3115 495 3200 principis
509 3113 695 3178 serenissimi
711 3116 794 3198 regis
809 3114 985 3199 Anglorum
1002 3114 1134 3177 Heurici
1150 3114 1292 3191 secundi,

345 3227 382 3281 ut
407 3215 448 3280 ad
472 3238 604 3280 examen
627 3216 869 3280 ecclesiasticum
895 3239 989 3279 causa
1015 3215 1145 3293 rediret,
1169 3216 1225 3279 ubi
1252 3216 1292 3278 de

340 3319 416 3406 jure
444 3340 611 3396 canonum,
638 3341 719 3403 quos
748 3318 852 3384 clerus
881 3318 982 3396 novit,
1008 3317 1125 3404 vulgus
1154 3317 1290 3403 ignorat,

343 3424 479 3507 quaestio
499 3420 689 3486 matrimonii
711 3420 804 3484 finem
828 3419 970 3484 debitum
994 3417 1171 3484 sortiretur.
1215 3422 1291 3483 Par-

345 3521 432 3585 tibus
457 3544 533 3607 ergo
562 3521 646 3586 diem
671 3545 710 3585 ex
740 3519 829 3606 regio
854 3520 1004 3585 mandato
1027 3519 1233 3606 praefiximus,
1259 3532 1291 3583 et

343 3623 469 3687 tandem
486 3637 557 3710 post
578 3623 745 3688 dilationes
766 3646 847 3709 quas
868 3622 1005 3687 Mabilia
1018 3646 1059 3687 ex
1074 3622 1169 3686 variis
1188 3621 1291 3687 causis

342 3723 493 3796 obtinuit,
510 3724 694 3810 petitionem
711 3747 800 3790 suam
820 3725 980 3792 Ricardus
994 3726 1196 3791 instauravit.
1242 3723 1290 3790 Ut

342 3834 447 3888 autem
471 3825 627 3912 liquidius
651 3849 777 3890 causam
804 3849 894 3890 suam
924 3840 1094 3905 astrueret,
1120 3840 1153 3891 et
1179 3826 1291 3890 adver·

342 3926 454 3992 sariam
493 3927 633 4014 spuriam
676 3950 744 3992 esse
785 3927 925 4003 doceret,
962 3930 1158 3993 avunculum
1196 3952 1291 3994 suum

346 4029 542 4094 Willelmum
557 4051 629 4094 cum
646 4028 785 4115 quadam
795 4028 941 4093 Albreda
955 4031 996 4093 de
1009 4032 1169 4115 'l'resgoro
1184 4034 1291 4095 matri-

340 4131 479 4196 monium
503 4132 697 4196 contraxisse
725 4134 870 4206 asseruit,
895 4144 927 4196 et
953 4131 1068 4195 exinde
1096 4131 1151 4195 illa
1179 4144 1290 4196 contra

341 4233 435 4297 fidem
465 4234 606 4321 conjugii
634 4233 796 4310 derelicta,
824 4234 955 4299 duxisse
985 4233 1160 4299 Adelitiam
1190 4234 1287 4298 filiam

340 4336 482 4400 Amfridi
512 4336 718 4417 vicecomitis,
747 4351 779 4402 et
809 4360 849 4401 ex
879 4361 917 4401 ea
952 4337 1117 4402 Mabiliam
1148 4351 1180 4401 et
1210 4338 1290 4401 alios

341 4435 455 4501 liberos
480 4460 542 4501 non
573 4437 731 4523 legitimos
756 4440 940 4525 suscepisse.
990 4441 1163 4506 Asserebat
1194 4440 1288 4504 etiam

341 4538 428 4624 quod
449 4562 548 4625 quum
566 4540 750 4604 Willelmus
766 4541 947 4605 Adeletiam
964 4542 1214 4628 superduxisset,
1230 4543 1291 4605 Al·

340 4640 449 4712 breda,
466 4664 560 4726 quam
584 4642 800 4726 praeduxerat,
817 4641 849 4705 in
872 4642 949 4727 ipsis
971 4644 1095 4727 nuptiis
1110 4666 1169 4730 pro
1184 4666 1217 4707 se
1235 4645 1292 4729 jus

342 4739 473 4805 soederis
508 4744 685 4828 conjugalis
722 4758 897 4829 protestata
935 4754 967 4808 et
1002 4747 1191 4812 auctoritate
1227 4750 1291 4810 Ec·

340 4843 512 4908 clesiastica
526 4847 671 4912 inhibens
686 4872 725 4911 ne
741 4848 923 4932 superdicta
937 4848 968 4912 in
986 4849 1088 4914 niariti
1105 4850 1150 4915 sni
1163 4850 1290 4914 illicitos

776 5012 864 5037 bna-«⁴
