3300 6434
363 1258 557 1337 noe-61]
756 1274 936 1319 erroreum.
1251 1262 1311 1321 103

360 1423 579 1510 reprobabam,
596 1434 629 1488 et
644 1422 735 1508 quasi
754 1422 929 1489 calcaribus
949 1423 1100 1509 urgebam
1125 1437 1159 1489 ut
1180 1425 1308 1491 rediret.

360 1527 433 1591 Hoc
448 1539 555 1591 autem
575 1525 603 1589 ei
624 1525 881 1590 molestissimum
897 1525 970 1601 suit,
986 1548 1024 1588 eo
1043 1526 1132 1611 quod
1155 1526 1309 1591 natalium

358 1628 480 1695 dierum
507 1629 589 1692 festa
613 1628 697 1692 iuter
720 1639 871 1711 cognatos
893 1638 926 1691 et
947 1626 1128 1706 amicos,·et
1152 1641 1253 1707 notos,
1273 1628 1309 1693 in

358 1729 435 1794 locis
456 1728 597 1815 plebeiis,
613 1741 643 1794 et
667 1728 708 1793 ab
730 1728 814 1791 omni
836 1728 1012 1792 reverentia
1030 1728 1187 1815 exemptis
1209 1741 1309 1794 trans-

356 1830 444 1915 igere
463 1830 645 1894 decreverat
667 1840 699 1891 et
721 1826 917 1892 condixerat.
963 1828 1067 1893 Malui
1082 1852 1159 1914 ergo
1180 1851 1231 1893 me
1252 1850 1309 1915 op-

357 1951 474 2014 ponere
496 1926 707 2013 indignationi
728 1928 809 2013 ejus,
834 1949 930 2014 quam
953 1926 1157 2012 adquiescere
1178 1927 1308 1993 consilio

357 2029 542 2116 periculoso.
573 2030 688 2094 Frater
700 2029 782 2091 enim
799 2027 886 2093 mitis
901 2039 960 2103 est,
973 2044 1005 2093 et
1020 2029 1112 2092 bonae
1124 2027 1308 2109 voluntatis,

358 2143 395 2195 ut
420 2130 525 2207 credo,
549 2129 603 2194 sed
625 2128 797 2213 simplicior
822 2127 940 2207 adbuc,
963 2151 1060 2214 quam
1085 2142 1122 2195 ut
1146 2130 1179 2194 in
1203 2129 1307 2195 turbis

356 2232 548 2317 populorum
572 2228 717 2316 regimini
740 2253 799 2295 suo
822 2230 977 2296 committi
1003 2230 1162 2317 expediat.
1221 2234 1306 2297 Nam

356 2345 473 2416 praeter
501 2332 663 2397 levitatem
693 2345 750 2398 aut
779 2331 871 2411 nihil,
896 2345 953 2398 aut
984 2333 1152 2398 minimum
1178 2333 1210 2398 in
1237 2332 1307 2419 ipso

356 2455 467 2518 arguo,
483 2456 520 2497 eo
535 2446 639 2497 tamen
662 2446 796 2520 excepto
818 2433 906 2519 quod
929 2449 985 2500 aut
1007 2434 1115 2500 nullus
1136 2448 1191 2499 aut
1215 2456 1306 2499 rarus

355 2547 413 2611 est,
430 2536 461 2598 in
478 2558 542 2620 quo
557 2558 618 2599 uon
631 2535 771 2599 inveniat
781 2536 870 2622 quod
884 2549 1005 2622 carpat,
1014 2549 1045 2601 et
1057 2537 1118 2599 hoc
1133 2535 1174 2600 ab
1188 2536 1306 2603 innatae

356 2639 494 2702 levitatis
518 2637 628 2703 fomite
650 2638 787 2704 arbitror
809 2637 944 2702 evenire.
996 2638 1149 2703 Videbam
1174 2639 1304 2724 quidem

355 2738 431 2805 mihi
462 2738 652 2803 alterutrum
690 2739 855 2804 imminere
883 2739 1061 2816 discrimen,
1091 2753 1127 2805 ut
1158 2754 1215 2805 aut
1244 2763 1305 2825 ego

355 2840 551 2926 periclitarer
565 2841 598 2905 in
613 2843 717 2926 gratia
739 2845 819 2928 ejus,
834 2856 890 2908 aut
906 2853 1040 2907 vestram
1060 2865 1197 2907 mererer
1211 2843 1305 2907 amit·

355 2955 430 3006 tere.
475 2944 594 3006 Fateor
618 2942 744 3028 culpam
771 2964 885 3020 meam,
908 2943 1080 3009 deliberavi
1102 2944 1245 3030 quidem,
1271 2957 1304 3010 et

306 3054 310 3066 ¹
353 3042 502 3129 amplius,
532 3065 627 3129 quam
665 3066 722 3130 per
750 3066 900 3125 mensem,
929 3044 983 3109 aed
1015 3045 1141 3111 tandem
1172 3046 1304 3112 collecto

353 3142 467 3230 spiritu
492 3165 541 3207 mc
564 3156 744 3209 constanter
770 3144 980 3231 indignationi
1003 3149 1071 3233 ejus
1093 3147 1241 3235 opposui,
1263 3170 1304 3213 ne

353 3245 439 3324 fidei,
461 3268 556 3331 quam
573 3247 663 3311 vobis
685 3247 796 3328 debeo,
818 3248 994 3334 periculum
1017 3249 1163 3314 facerem.
1208 3252 1303 3315 Com-

352 3346 419 3432 puli
453 3369 532 3432 ergo
561 3347 601 3411 ad
633 3347 783 3425 reditum,
812 3362 846 3413 et
874 3348 942 3415 haec
973 3372 1101 3436 quoque
1130 3363 1178 3414 est
1207 3350 1303 3435 culpa

351 3468 430 3510 mea.
487 3446 628 3511 Consilio
652 3470 722 3511 meo
745 3448 873 3512 taudem
900 3448 1021 3512 invitus
1045 3449 1220 3535 adquievit,
1244 3450 1302 3514 sed

350 3560 479 3634 gratum
506 3548 607 3613 habeo
631 3549 720 3633 quod
745 3548 912 3634 adquievit
938 3549 1068 3614 tandem
1094 3554 1144 3614 vel
1169 3550 1299 3616 invitus.

353 3649 435 3713 Inde
456 3649 627 3715 simultatis
648 3671 764 3725 causae,
779 3649 854 3713 inde
873 3650 1078 3716 detractionis
1099 3653 1210 3729 fomes,
1225 3652 1300 3718 iirde

351 3751 450 3818 totius
478 3750 571 3815 officii
602 3751 663 3813 mei
692 3749 838 3837 obsequii
864 3752 1054 3836 denigratio.
1099 3755 1236 3820 Misistis
1257 3754 1299 3820 ad

349 3874 407 3917 nos
428 3851 622 3938 quandoque
644 3852 775 3916 fratrem
798 3853 953 3919 Thomam
978 3856 1222 3936 Norwicensem,
1236 3858 1299 3923 fra·

350 3967 430 4020 trem
462 3953 676 4032 Willelmum,
700 3966 732 4018 et
759 3954 885 4042 aliquos
915 3956 1002 4023 alios.
1049 3959 1087 4021 Iu
1120 3982 1158 4022 eo
1190 3959 1299 4045 acqui-

348 4070 481 4122 everunt
517 4078 635 4131 omnes,
666 4056 721 4120 sed
751 4059 907 4124 neminem
944 4082 1055 4124 eorum
1084 4058 1189 4144 piguit
1227 4084 1298 4125 meo

346 4158 539 4244 acquievisse
561 4158 701 4226 consilio.
754 4160 848 4224 Solus
870 4160 922 4224 bic
943 4183 1037 4224 suum
1061 4183 1131 4224 meo
1152 4159 1297 4246 aliquan·

346 4259 402 4323 diu
418 4260 572 4345 praetulit,
587 4260 641 4324 sed
667 4260 796 4325 tandem
815 4260 990 4345 adquievit.
1036 4264 1089 4324 Au
1106 4261 1296 4346 deliquerim

339 4356 494 4443 judicate.
538 4363 584 4423 Et
599 4362 751 4443 quoniam
767 4357 865 4422 frater
885 4360 1017 4444 quidem
1038 4359 1172 4446 simplex
1187 4373 1247 4435 est,
1262 4373 1295 4425 et

346 4459 487 4534 minime,
509 4470 545 4521 ut
567 4455 673 4536 credo,
696 4455 882 4536 malitiosus,
896 4478 1008 4541 precor
1031 4473 1067 4524 ut
1090 4482 1161 4525 eum
1183 4482 1295 4526 carum

345 4557 498 4636 habeatis,
513 4570 545 4621 et
567 4560 701 4622 utamini
723 4579 772 4635 eo,
786 4562 943 4643 quoniam
967 4561 1057 4624 utilis
1077 4576 1136 4637 est,
1156 4574 1188 4627 et
1211 4562 1294 4629 sicut

345 4662 404 4726 sibi
420 4662 451 4725 in
468 4660 543 4725 locis
558 4658 694 4746 publicis
708 4682 910 4746 nequaquam
926 4662 1184 4740 committendus,
1199 4665 1245 4730 ita
1259 4666 1292 4729 in

344 4760 497 4846 obsequio
519 4771 625 4822 vestro
651 4763 853 4825 necessarius.
898 4761 995 4826 Aliud
1023 4762 1105 4827 sorte
1126 4763 1167 4826 de
1190 4766 1293 4850 seipso

344 4865 559 4928 testimonium
582 4860 774 4948 perhibebit,
788 4862 842 4927 sed
860 4887 908 4928 me
931 4864 1009 4929 nihil
1028 4877 1119 4949 urget
1143 4864 1182 4928 ad
1207 4888 1291 4930 men-
