3300 6434
338 1212 403 1272 ΜΘ
597 1221 732 1268 roannrs
747 1218 1032 1268 saansasarsnsrs
1207 1198 1259 1279 [A.
1276 1213 1309 1259 n.

341 1376 545 1457 crucifigunt,
566 1374 737 1457 perhibent
760 1376 902 1438 moribus
927 1366 1147 1436 testimonium
1180 1367 1306 1433 certius

343 1489 376 1543 et
395 1478 497 1562 majus
518 1476 677 1540 Johannc.
723 1478 811 1540 Bene
829 1486 935 1540 tamen
960 1474 1064 1554 agitur
1086 1492 1162 1534 cum
1177 1479 1307 1533 nostra-

343 1581 439 1657 tibus,
454 1590 486 1642 et
501 1578 608 1641 mitius
623 1586 777 1641 tractatur
791 1574 838 1640 ibi
856 1578 878 1640 J
879 1597 969 1640 esus:
995 1574 1022 1638 si
1037 1585 1145 1637 tamen
1162 1592 1239 1635 vera
1254 1579 1305 1634 est

344 1681 514 1753 attestatio,
541 1700 636 1763 quam
662 1678 697 1741 in
723 1678 940 1763 appellatoriis
966 1677 1042 1754 suis,
1067 1695 1149 1760 quas
1179 1672 1304 1750 dicunt,

344 1803 448 1864 nuper
469 1779 638 1845 ediderunt
659 1780 822 1864 principes
843 1777 1053 1856 sacerdotum,
1075 1774 1302 1859 praedicantes,

346 1883 534 1957 scribentes,
545 1889 578 1944 et
592 1880 634 1945 ad
645 1881 798 1965 majorem
810 1880 1031 1944 auctoritatem
1040 1876 1225 1941 assertionis
1236 1896 1305 1939 sure

347 1979 459 2066 sigillis
484 1981 629 2066 pluribus
651 1990 815 2065 patentem
841 1981 1032 2063 scripturam
1060 1978 1302 2058 consignantes,

349 2085 426 2169 quia
450 2083 598 2148 dominus
626 2103 683 2147 rex
702 2084 723 2115 “
739 2081 834 2146 dulce
861 2092 953 2167 putat
978 2078 1179 2163 obsequium,
1201 2099 1305 2163 quum

348 2197 496 2250 monetur
516 2198 552 2248 ut
573 2184 709 2267 corrigat
724 2185 751 2247 si
766 2183 846 2267 quid
868 2183 1037 2267 deliquerit
1055 2183 1090 2245 in
1111 2180 1250 2257 Deum,”
1262 2178 1305 2243 ad

349 2289 482 2351 formam
500 2285 635 2371 justitiae
651 2284 861 2349 libentissime
884 2285 1120 2349 satisfacturus:
1143 2280 1306 2365 “siquid

351 2391 548 2476 deliquerit,''
571 2390 721 2474 inquiunt
749 2390 904 2452 malorum
932 2387 1103 2469 inexperti,
1128 2396 1161 2450 et
1185 2386 1306 2469 quibus

351 2492 492 2556 nondum
513 2502 635 2555 certum
656 2499 706 2554 est
726 2512 799 2553 eum
820 2501 930 2553 contra
949 2488 1123 2551 Dominum
1143 2486 1176 2549 in
1193 2486 1305 2572 aliquo

354 2592 538 2676 deliquisse,
561 2603 616 2655 aut
637 2589 798 2673 condigna
820 2589 1037 2653 satisfactione
1058 2610 1125 2652 non
1151 2607 1307 2670 purgasse

354 2694 514 2757 delictum.
561 2694 660 2770 Bene,
680 2693 821 2775 iuquam,
843 2714 915 2757 cum
937 2694 984 2756 eis
1005 2693 1118 2773 agitur,
1141 2691 1169 2753 si
1190 2689 1306 2773 proedi-

354 2795 475 2858 cationi
505 2806 537 2857 et
566 2793 763 2857 attestationi
790 2814 898 2857 eorum
925 2795 1039 2858 ceritas
1064 2793 1185 2857 subest.
1242 2791 1309 2856 Sed

353 2895 472 2981 quidsi
488 2897 615 2980 pariter,
631 2894 718 2979 quod
738 2894 888 2959 dominus
907 2917 994 2980 papa
1015 2894 1105 2973 dicit,
1120 2907 1152 2960 et
1167 2894 1309 2958 ecclesia

352 3000 501 3063 Romana
520 2999 680 3080 cognovit,
695 2998 726 3059 in
743 2997 864 3080 scripto
885 2998 971 3082 quod
994 2998 1072 3061 illuc
1087 2997 1309 3060 transmissum

301 3147 305 3154 -
354 3114 414 3177 est,
442 3097 661 3165 mentiuntur?
700 3101 777 3162 Non
808 3111 858 3163 est
886 3099 927 3162 de
954 3110 1080 3176 caetero,
1103 3096 1222 3161 dilecte
1251 3098 1309 3175 mi,

354 3202 442 3285 quod
466 3213 646 3285 querantur,
675 3198 750 3284 quia
779 3200 841 3264 hoc
871 3200 971 3278 dulci,
1001 3199 1088 3283 quod
1116 3198 1310 3282 pradicant,

354 3302 561 3385 correptionis
595 3302 749 3384 obsequio
778 3321 797 3363 a
826 3322 900 3383 rege
930 3299 1082 3386 quicquid
1118 3321 1245 3384 aequum
1276 3311 1309 3363 et

354 3407 473 3468 bonurn
490 3403 593 3477 suerit,
609 3412 758 3486 poterunt
777 3403 963 3488 impetrare:
988 3425 1051 3466 non
1067 3414 1116 3467 est
1132 3403 1172 3466 de
1189 3412 1308 3466 caetero

355 3506 441 3592 quod
458 3506 504 3569 eis
519 3506 688 3591 quisquam
711 3506 853 3588 compati
876 3505 1003 3582 debeat,
1018 3506 1074 3588 qui
1094 3515 1184 3568 tanta
1203 3503 1306 3567 facili.

355 3619 422 3673 tate
451 3620 588 3692 possunt
612 3608 786 3691 procellam
816 3607 993 3691 quamlibet
1021 3608 1055 3669 in
1085 3627 1193 3670 auram
1219 3626 1308 3669 com·

356 3720 487 3773 mutare.
532 3709 597 3774 Sed
621 3709 715 3772 nobis
739 3711 835 3791 longe
860 3710 922 3772 alia
941 3730 1032 3771 mens
1056 3719 1114 3784 est,
1137 3708 1192 3791 qui
1218 3706 1307 3770 aliud

358 3811 551 3890 experimur,
565 3824 599 3873 at
620 3811 741 3874 utinam
758 3811 945 3893 praedicatio
961 3812 1117 3873 commin
1133 3809 1227 3872 nobis
1250 3807 1309 3871 im·

357 3911 496 3994 piaretur
510 3920 542 3973 et
552 3910 616 3973 illis
628 3912 752 3974 interim
766 3913 987 3994 praeelegimus
998 3913 1139 3995 rapinam
1152 3913 1309 3973 bonorum

358 4011 511 4074 sustinere
526 4010 558 4073 in
575 4009 738 4091 patientia,
753 4020 785 4073 et
800 4020 973 4092 expectare
988 4012 1043 4093 qui
1058 4010 1178 4073 auferat
1192 4008 1311 4092 iniqui·

357 4123 453 4175 tatem
472 4131 490 4171 a
510 4111 625 4187 Jacob,
646 4119 678 4174 et
696 4110 893 4193 impietatem
916 4113 957 4174 ab
981 4113 1093 4187 lsrael,
1114 4132 1208 4195 quam
1231 4131 1309 4173 cum

359 4213 410 4275 his
430 4212 484 4295 qui
505 4221 723 4275 convenerunt
737 4211 888 4275 adversus
904 4212 1080 4275 Dominum
1103 4224 1135 4275 et
1156 4209 1310 4275 adversus

357 4312 527 4377 ecclesiam
557 4311 626 4395 ejus
663 4312 936 4394 conspiraverunt,
973 4313 1150 4396 iniquitatis
1186 4333 1309 4394 ponere

358 4410 547 4492 portionem,
563 4421 594 4471 et
608 4407 723 4471 divinae
746 4409 809 4491 legi
823 4411 982 4473 bonorum
998 4410 1219 4493 temporalium
1234 4409 1313 4474 floa-

359 4514 449 4575 cnlos
472 4511 633 4575 anteferre.
679 4510 744 4575 Scd
768 4511 844 4575 finis
864 4512 1015 4576 chartulae
1036 4514 1078 4575 sit
1101 4526 1133 4576 et
1155 4512 1253 4589 verbi,
1277 4525 1314 4579 ut

359 4616 553 4696 ubicumque
568 4614 710 4677 locorum
729 4614 799 4692 sim,
815 4636 865 4678 mc
881 4614 1005 4677 noveris
1021 4626 1110 4678 tuum
1126 4636 1207 4680 csse,
1247 4617 1314 4685 Va·

358 4716 431 4789 lctc.
