3300 6434
358 1241 555 1320 1159-61.]
747 1258 926 1304 aristosa.
1266 1244 1307 1299 55

355 1408 405 1473 cui
417 1421 546 1475 auctore
560 1410 699 1474 Domino
710 1408 873 1494 prandet,
886 1409 1047 1472 turbatam
1059 1419 1091 1473 et
1103 1405 1307 1493 deturpatam

355 1508 474 1575 invenit
499 1534 518 1573 a
543 1512 664 1575 malitia
689 1510 936 1575 inhabitantium
964 1512 996 1574 in
1023 1532 1071 1587 ea,
1096 1521 1208 1593 utpote
1228 1506 1306 1591 legis

354 1610 472 1676 divinae
502 1613 655 1698 ignaram,
682 1629 713 1675 et
744 1612 910 1676 canonicas
935 1611 1149 1676 institutiones
1179 1608 1306 1694 penitus

353 1711 561 1795 ignorantem.
607 1715 694 1777 Gens
720 1713 802 1777 enim
828 1713 917 1777 rudis
940 1726 972 1777 et
995 1710 1158 1790 indomita,
1182 1708 1305 1773 bestiali

354 1834 442 1879 more
469 1815 589 1886 vivens,
611 1828 799 1900 aspernatur
821 1815 954 1878 verbum
980 1815 1066 1893 vitae,
1088 1827 1119 1876 et
1142 1811 1306 1877 Christum

354 1914 588 1977 nominetenus
608 1915 805 2001 profitentes,
821 1915 888 1979 vita
902 1929 934 1979 et
957 1915 1099 1978 moribus
1120 1913 1305 1977 diffitentur.

354 2016 405 2079 Ab
427 2015 477 2080 his
500 2017 583 2080 enim
607 2017 778 2081 Christiani
800 2018 920 2081 usitato
939 2020 1125 2081 commercio
1146 2017 1178 2078 in
1201 2022 1307 2100 partes

354 2117 577 2181 transmarinas
603 2117 789 2193 venundati,
815 2119 856 2182 ab
882 2118 1063 2182 infidelibus
1088 2116 1302 2199 captivantur.

356 2217 474 2303 Legem
485 2243 560 2282 vero
572 2220 762 2283 matrimonii
772 2231 1007 2285 contemnentes
1014 2218 1217 2293 concubinas,
1227 2237 1307 2302 quas

353 2343 424 2385 cum
448 2321 603 2385 uxoribus
626 2321 756 2397 habent,
778 2333 976 2387 commutant
996 2320 1111 2407 pretio,
1132 2330 1163 2382 et
1188 2321 1304 2381 crimen

353 2420 491 2485 incastus
520 2422 711 2507 ignorantes,
737 2423 1042 2507 consanguinearum
1072 2420 1306 2508 turpitudinem

354 2521 493 2586 revelare
512 2546 574 2587 non
597 2525 797 2589 erubescunt.
843 2526 936 2602 Quod
957 2537 1062 2589 autem
1085 2522 1311 2603 miserabilius,

355 2638 390 2688 ut
410 2624 560 2709 populus,
576 2628 620 2689 sic
640 2640 672 2690 et
695 2627 850 2706 sacerdos,
864 2627 980 2691 eisdem
1005 2626 1119 2690 imbuti
1135 2624 1306 2703 erroribus,

353 2738 471 2810 pestem
498 2727 617 2803 fovent,
644 2741 676 2793 et
702 2730 879 2814 pernicioso
906 2741 1117 2814 corrumpunt
1145 2725 1305 2812 exemplo,

353 2849 434 2912 quos
448 2828 487 2891 ad
506 2828 588 2892 viam
611 2829 738 2893 virtutis
754 2843 786 2893 et
802 2828 944 2894 veritatis
962 2830 1112 2893 reducere
1126 2828 1304 2915 oportebat.

351 2928 402 2991 Ad
423 2928 509 2992 hunc
531 2953 605 2993 vero
629 2930 816 3016 pestilentias
838 2936 1015 3006 cumulum,
1038 2931 1170 2995 istorum
1191 2927 1305 2994 barba·

352 3050 458 3091 rorum
469 3031 615 3116 princeps
627 3034 666 3095 Ο.
679 3045 710 3096 et
722 3055 778 3095 rex
790 3033 939 3098 avunculi
951 3033 999 3095 sui
1009 3033 1143 3095 abutens
1152 3031 1227 3106 filia,
1240 3043 1305 3095 tam

351 3130 475 3194 anobis
490 3155 585 3217 quam
601 3134 642 3198 ab
657 3133 818 3220 Episcopo
833 3157 902 3212 suo,
916 3135 1100 3220 frequenter
1114 3132 1306 3213 admonitus,

351 3243 389 3296 ut
403 3231 549 3299 licentius
560 3248 591 3299 et
607 3234 737 3299 liberius
751 3236 851 3322 possit
862 3236 893 3299 in
906 3260 964 3300 sua
975 3236 1096 3300 malitia
1110 3257 1304 3321 permanere,

350 3347 472 3417 partem
488 3334 563 3400 cleri
579 3359 642 3401 non
658 3338 813 3402 modicam
831 3338 862 3401 in
878 3338 1089 3424 patrocinium
1110 3336 1304 3419 flagitiorum

351 3457 480 3501 suorum
501 3439 612 3519 traxit,
626 3454 656 3503 et
676 3439 778 3526 ipsum
800 3439 981 3526 episcopum
1002 3440 1092 3503 bonis
1107 3438 1172 3500 suis
1190 3437 1305 3520 spolia·

352 3550 418 3601 tum
432 3539 472 3602 ab
484 3540 669 3626 episcopatu
682 3540 817 3625 expulit,
831 3540 981 3624 quintam
993 3540 1060 3624 ejus
1071 3559 1168 3623 quam
1180 3535 1303 3623 populi,

350 3641 419 3700 zelo
441 3641 582 3703 caritatis
606 3662 786 3714 succensus,
810 3640 891 3702 adco
915 3639 1066 3702 audacter
1091 3638 1303 3724 redarguebat

348 3760 478 3804 errores.
524 3740 705 3825 Episcopus
720 3763 795 3804 vero
811 3741 964 3827 quosdam
980 3741 1020 3805 de
1035 3740 1129 3815 clero,
1147 3742 1303 3827 quosdam

348 3837 389 3902 de
404 3840 524 3927 populo
538 3855 749 3920 contumaces,
761 3843 971 3909 anathematis
986 3843 1113 3909 vinculo
1127 3844 1304 3925 innodarit,

348 3937 410 4022 ipsi
426 3962 500 4003 vcro
511 3942 655 4026 palantes
669 3954 700 4006 et
715 3942 785 4028 vagi
798 3944 839 4007 ad
857 3943 976 4007 vicinos
986 3945 1150 4030 episcopos
1163 3944 1303 4025 Walliae,

350 4041 487 4125 cinglis),
515 4044 693 4121 Hiberniae,
720 4045 846 4121 scotiae,
873 4047 1075 4130 confugiunt,
1101 4060 1131 4109 et
1158 4047 1200 4109 ab
1225 4046 1302 4131 ipsis

347 4142 484 4219 ordines,
500 4144 647 4224 chrisma,
661 4159 692 4208 et
714 4145 776 4209 alia
797 4159 992 4209 sacramanta
1011 4145 1150 4208 ecclesiae
1169 4147 1302 4210 fraudu·

346 4243 448 4307 lenter
463 4247 652 4331 percipiunt.
685 4244 780 4310 Unde
797 4248 884 4331 rigor
895 4245 1112 4311 ecclesiasticas
1127 4246 1302 4332 discipliuae

345 4343 541 4427 inpartibus
563 4346 626 4409 iliis
642 4345 722 4408 adeo
737 4349 805 4431 jam
830 4347 986 4432 detepuit,
1002 4361 1038 4411 ut
1061 4347 1105 4411 ibi
1123 4349 1190 4433 jam
1209 4371 1301 4433 paenc

346 4445 474 4507 haeresis
496 4462 527 4509 et
553 4447 729 4510 schismatis
752 4448 955 4510 seminarium
981 4448 1126 4532 pullulet.
1175 4451 1299 4514 Idcirco

347 4546 502 4609 sanctitati
532 4560 657 4627 vestrae,
680 4550 775 4611 Pater
800 4548 981 4623 reverende,
1009 4551 1236 4635 supplicamus,
1263 4566 1299 4618 ut

347 4647 438 4710 nobis
457 4663 489 4713 et
504 4650 639 4733 praesato
659 4649 807 4734 episcopo
823 4650 1022 4732 suffraganeo
1042 4665 1149 4715 nostro
1171 4654 1203 4717 in
1218 4678 1298 4720 aux·

345 4745 434 4811 ilium
458 4749 632 4833 exurgatis,
646 4763 677 4813 et
698 4750 882 4834 patentibus
899 4749 1011 4814 litteris
1030 4753 1145 4818 vestris
1159 4777 1299 4820 commu·

343 4848 426 4915 aiter
441 4852 480 4916 ad
497 4851 660 4937 episcopos
677 4851 817 4937 Angliae,
835 4852 975 4933 Walliae,
993 4853 1166 4932 Hiberniae,
1184 4860 1298 4928 Scotiae
