3300 6434
365 1262 558 1342 1139—64.]
762 1279 938 1324 aerarum.

443 1548 676 1613 EPISTOLA
702 1548 891 1611 CIII.-un
908 1567 937 1612 a.
954 1567 1223 1614 canonicatuum.

696 1698 738 1762 R.
757 1694 963 1759 cancellario.

399 1819 549 1880 Gnarus
577 1827 713 1900 quantas
741 1838 882 1902 possum,
912 1817 988 1903 quia
1024 1830 1160 1903 quantas
1194 1819 1305 1900 debeo,

355 1915 487 1980 reddere
512 1939 575 1979 non
601 1916 731 1997 sufficio,
758 1918 860 1981 refero
886 1918 1070 2004 paternitati
1098 1933 1220 1998 vestrm,
1246 1944 1306 2008 pro

355 2017 473 2080 honore
487 2032 518 2081 et
537 2018 697 2082 beneficiis
715 2019 793 2082 milri
814 2034 846 2083 et
867 2022 943 2082 meis
962 2043 982 2083 a
1004 2020 1093 2084 vobis
1109 2044 1233 2107 semper
1248 2047 1302 2087 ex·

353 2117 475 2195 bibitis,
490 2134 522 2183 et
537 2119 673 2183 maxime
688 2142 725 2182 eo
741 2119 829 2204 quod
846 2119 931 2183 solus
946 2124 1029 2184 inter
1044 2119 1172 2200 multos,
1186 2123 1306 2207 quibus

352 2219 480 2282 devotio
502 2242 571 2283 mea
593 2219 788 2305 quandoque
810 2220 962 2296 innotuit,
987 2244 1036 2283 me
1059 2221 1173 2286 litteris
1193 2225 1304 2288 vestris

354 2320 385 2383 in
412 2343 507 2385 manu
534 2321 716 2386 nuntiorum
744 2342 899 2401 meorum,
923 2321 1066 2387 adhibita
1091 2322 1304 2389 consolatione

352 2420 486 2484 curastis
501 2422 665 2485 instruere.
707 2421 817 2484 Vestro
829 2420 937 2506 itaque
949 2422 1079 2486 consilio
1090 2422 1305 2509 adquiescens,

352 2523 532 2586 convocatis
561 2523 609 2598 iis,
641 2544 722 2607 quos
755 2522 910 2607 oportuit,
939 2524 972 2586 iu
1003 2525 1111 2604 verbo,
1140 2526 1224 2592 sicut
1253 2552 1304 2593 me

352 2622 513 2699 docuistis,
539 2624 688 2710 processi,
715 2648 734 2687 a
760 2623 917 2687 mandatis
942 2625 1132 2711 apostolicis,
1158 2650 1215 2692 nec
1245 2652 1303 2715 pro

354 2726 518 2812 temporali
551 2728 617 2790 vita
639 2739 671 2791 et
705 2726 736 2789 in
776 2726 907 2789 minimo
944 2750 1134 2793 recessurus.
1191 2730 1306 2796 Videat

351 2828 481 2892 ecclesia
496 2831 639 2892 Romana
654 2827 732 2914 quid
749 2827 909 2913 proecipue
929 2827 1016 2907 velit,
1031 2845 1086 2893 aut
1110 2829 1188 2915 quid
1210 2854 1305 2918 expe·
1336 2913 1339 2917 ι

352 2930 430 3010 diat,
452 2954 511 3016 pro
532 2932 613 3014 ipsa,
636 2930 661 2993 si
688 2954 811 2993 necesse
837 2944 896 3007 est,
919 2944 1053 3014 paratus
1079 2955 1162 3006 sum,
1185 2946 1217 2998 et
1237 2957 1305 2998 car-

350 3054 463 3108 cerem,
478 3045 510 3095 et
524 3033 556 3095 iu
573 3046 707 3095 mortem
722 3032 784 3095 ire:
810 3031 956 3116 quisquis
971 3032 1002 3095 in
1018 3033 1155 3098 ecclesiae
1169 3034 1303 3102 auribus

353 3132 505 3197 Romanae
527 3133 567 3196 de
591 3155 640 3195 me
664 3132 753 3199 aliud
780 3133 870 3209 dicit,
892 3133 932 3196 de
958 3156 1017 3197 suo
1043 3132 1198 3220 loquitur,
1226 3136 1303 3222 quia

351 3234 546 3300 mendacium
569 3235 723 3320 loquitur.
770 3234 936 3299 Exhibitio
962 3236 1205 3320 pratentornm,
1230 3260 1302 3323 pro-

351 3337 437 3401 batio
462 3338 646 3403 futurorum
668 3349 726 3401 est.
771 3340 828 3401 Me
849 3337 917 3420 jam
941 3336 1035 3400 tertio
1059 3358 1117 3422 pro
1144 3337 1302 3401 mandatis

349 3440 530 3525 apostolicis
544 3438 703 3526 periculis,
721 3440 817 3502 imino
837 3451 869 3501 et
890 3439 984 3499 morti
1007 3436 1152 3519 exposui.
1200 3435 1302 3499 Num·

349 3542 430 3627 quid
444 3543 476 3604 in
493 3541 555 3603 fine
571 3540 630 3603 viae
645 3554 676 3603 et
694 3544 766 3603 vitae
787 3560 880 3601 senex
902 3553 1055 3600 aeternnm
1078 3534 1162 3621 longi
1186 3536 1303 3601 laboris

348 3655 380 3705 et
387 3643 477 3727 jugis
488 3641 677 3705 obedientiae
688 3640 855 3725 praemium
869 3661 927 3723 pro
938 3658 1141 3723 quacumque
1153 3638 1303 3725 temporis

349 3741 453 3804 fallaci
469 3740 673 3825 promissione
683 3738 884 3803 immutabo?
908 3743 990 3803 Ante
1003 3738 1081 3802 milri
1093 3754 1201 3825 pereat
1214 3753 1303 3805 totus

350 3841 502 3916 mundus,
522 3863 618 3927 quam
635 3862 694 3924 ego
710 3863 768 3926 pro
784 3841 853 3927 ipso
874 3862 999 3928 peream
1016 3838 1088 3904 Deo
1102 3864 1181 3908 meo.
1222 3844 1303 3908 Haec

348 3941 420 4005 ideo
435 3941 512 4029 quia
526 3941 680 4028 quosdam
697 3941 897 4007 dominorum
918 3964 1059 4005 meorum
1080 3942 1300 4007 cardinalium

345 4044 439 4109 aliter
454 4067 550 4130 quam
568 4044 644 4109 mihi
659 4056 691 4107 et
707 4044 845 4108 ecclesiae
860 4068 939 4109 meoe
954 4044 1114 4129 expediat,
1130 4058 1187 4106 aut
1203 4066 1301 4128 quam

347 4170 407 4231 ego
421 4145 462 4210 de
476 4145 668 4212 conscientia
683 4167 754 4209 mea
768 4144 948 4219 meruerim,
964 4142 995 4204 in
1011 4163 1061 4204 me
1081 4142 1178 4205 audio
1198 4141 1301 4206 anim·

347 4248 513 4311 adversos:
554 4248 672 4333 quibus
691 4247 715 4308 si
731 4246 864 4331 deliqui,
886 4244 973 4329 quod
990 4256 1092 4307 tamen
1110 4266 1171 4308 non
1187 4244 1301 4327 recolo,

346 4361 497 4431 tanquam
527 4347 663 4410 dominis
689 4359 721 4410 et
747 4346 893 4430 patribus
918 4343 1028 4408 debita
1054 4345 1235 4410 humilitate
1262 4346 1299 4410 li·

345 4447 528 4510 bentissime
549 4445 749 4511 satisfaciam.
797 4446 829 4508 Si
851 4468 914 4509 non
937 4445 1071 4530 deliqui,
1090 4446 1221 4511 obsecro
1241 4472 1298 4535 per

346 4547 589 4611 misericordiam
617 4547 747 4612 Domini
774 4562 805 4611 et
821 4547 948 4631 justum
970 4547 1132 4633 judicium
1155 4549 1237 4634 ejus,
1262 4566 1297 4615 ut

344 4664 511 4714 amoveant
522 4663 683 4732 conceptae
693 4648 918 4732 indignationis
932 4648 1067 4723 aculeos,
1080 4664 1111 4713 et
1125 4663 1297 4736 antequam

345 4751 421 4813 mihi
438 4752 517 4815 bene
532 4751 723 4837 promerenti
740 4751 854 4815 amodo
870 4752 1038 4816 restituant
1059 4753 1206 4837 gratiam.
1252 4757 1298 4820 Et

342 4853 419 4941 quia
434 4854 540 4918 nuncii
556 4856 617 4917 mei
633 4877 651 4916 a
668 4854 859 4939 quibusdam
873 4854 978 4918 minus
990 4853 1070 4918 bene
1086 4856 1297 4942 recipiuntur,
