3300 6434
414 1217 475 1277 les
666 1230 801 1274 sossius
817 1228 1097 1285 sanusnsmsnsm
1272 1215 1321 1290 [s.
1336 1233 1368 1277 n.

411 1380 560 1466 precibus
574 1380 705 1445 domino
727 1378 926 1447 Cancellario
944 1379 1030 1465 regis
1052 1379 1282 1459 commisimus,
1298 1405 1371 1466 ego,

411 1495 444 1547 et
470 1482 686 1547 thesaurarius
712 1482 935 1558 Eboracensis,
958 1504 1062 1568 nuper
1089 1502 1199 1545 sanum
1227 1484 1259 1546 in
1284 1483 1371 1549 bono

353 1575 356 1585 ¹
412 1597 499 1650 statu
513 1584 666 1661 vidimus,
682 1584 754 1649 licet
770 1584 811 1648 ab
827 1583 1047 1649 exactionibus
1061 1585 1147 1669 regis
1162 1607 1224 1648 non
1240 1586 1368 1650 omnino

414 1689 515 1773 possit
530 1709 597 1751 esse
611 1685 771 1750 immunis.

459 1856 695 1921 EPISTOLA
719 1855 948 1920 CXVII.-ao
961 1874 1191 1920 mansuram
1207 1876 1327 1920 rursu.

662 1974 798 2036 Domino
813 1971 915 2054 Popae
931 1970 1126 2036 Aleaandro.

462 2089 582 2168 Canes,
598 2111 672 2175 quae
687 2090 824 2152 vertitur
838 2087 922 2151 inter
939 2088 1082 2151 Suanum
1096 2101 1128 2153 et
1142 2087 1374 2166 Baldewinum‚

418 2188 605 2263 sacerdotes,
626 2210 723 2273 super
745 2186 876 2251 ecclesia
897 2186 937 2250 de
961 2186 1132 2254 Cbiltedic.
1153 2189 1196 2253 ab
1217 2187 1375 2253 auditorio

418 2288 605 2355 venerabilis
615 2289 723 2354 fratris
735 2290 834 2354 nostri
841 2289 973 2353 Ricardi
982 2288 1214 2355 Londoniensis
1222 2289 1375 2375 episcopi,

418 2390 639 2478 appellationis
650 2391 772 2455 auxilio
783 2391 824 2454 ad
837 2405 977 2454 nostram
994 2403 1095 2455 tracta
1110 2403 1159 2457 est
1171 2390 1376 2458 audientiam.

421 2494 550 2578 Agebat
572 2493 682 2579 itaque
705 2506 899 2556 memoratus
920 2492 1049 2556 Suanus
1067 2506 1103 2557 ut
1121 2494 1189 2579 jam
1210 2492 1296 2558 dieta
1317 2492 1376 2567 sibi

421 2593 643 2660 restitueretur
657 2593 797 2673 eeclesia,
812 2617 878 2680 qua
901 2617 933 2658 se
956 2594 1152 2681 querebatur
1173 2617 1239 2659 esse
1258 2595 1377 2680 injuste

422 2705 454 2760 et
479 2697 545 2759 sine
570 2694 695 2781 judicio
724 2696 927 2773 destitutum,
951 2696 1008 2783 qui
1038 2695 1186 2761 vicarium
1218 2719 1311 2760 suum
1340 2712 1377 2761 ut

422 2796 547 2861 dicebat
569 2801 721 2862 violenter
736 2797 916 2883 expulerat.
961 2797 1161 2863 Baldevinus
1175 2796 1216 2861 ad
1238 2798 1306 2861 baeo
1330 2797 1378 2864 di-

423 2900 536 2965 latoria
561 2898 746 2985 exceptione
772 2898 931 2986 opposita,
954 2923 987 2963 se
1012 2911 1304 2984 supermemorato
1329 2922 1378 2963 ec·
1434 2899 1439 2910 '

423 3001 519 3065 clesia
547 3001 588 3065 de
611 3002 687 3087 jure
716 3002 876 3065 conveniri
908 3025 971 3066 non
1005 3024 1097 3087 posse
1134 3001 1270 3076 dicebat,
1301 3001 1381 3066 citra

424 3101 655 3166 restitutionem
673 3100 830 3164 bonorum
844 3100 988 3186 ejusdem
1003 3100 1156 3181 ecclesioe,
1170 3125 1245 3187 quae
1266 3101 1326 3165 sibi
1351 3101 1381 3165 vi

424 3217 456 3267 et
470 3201 585 3267 fraude
599 3201 725 3288 praefati
738 3202 836 3265 Suani
848 3202 974 3267 dicebat
986 3201 1109 3265 ablata:
1134 3215 1264 3286 paratus
1275 3214 1380 3265 tamen

424 3304 465 3369 de
476 3302 643 3390 principali
655 3302 782 3387 negotio
793 3304 1021 3390 responderesi
1034 3303 1160 3366 Suanus
1169 3301 1380 3365 innocentiam

426 3428 516 3473 suam
532 3405 638 3470 delato
659 3406 718 3470 sibi
736 3406 922 3490 juramento
944 3416 1108 3490 purgaret.
1153 3407 1281 3471 Suanos
1306 3425 1380 3466 vero

426 3529 484 3571 nec
509 3508 616 3572 subire
643 3507 745 3572 voluit
764 3506 941 3594 juramenti
966 3506 1149 3587 discrimen,
1170 3528 1228 3569 nec
1252 3504 1380 3580 referre,

427 3632 567 3674 asserens
597 3609 722 3695 judicio
750 3608 870 3675 domini
906 3608 1139 3674 Londoniensis
1173 3606 1382 3673 intentionem

427 3733 516 3774 suam
539 3733 602 3775 non
625 3735 716 3796 posse
738 3710 873 3795 alicujus
899 3712 1095 3797 exceptionis
1115 3708 1284 3777 obstaculo
1307 3708 1382 3773 sub·
1415 3752 1418 3756 -

428 3812 565 3874 moveri:
592 3814 677 3898 quod
694 3837 794 3901 quum
811 3836 885 3899 pars
900 3814 1056 3878 fateretur
1070 3812 1214 3889 adversa,
1226 3812 1334 3877 dicens
1349 3834 1381 3875 se

429 3908 501 3974 ideo
515 3911 700 3997 appellasse,
715 3913 792 3998 quia
814 3933 880 3974 una
901 3910 953 3974 die
974 3912 1016 3975 ab
1036 3911 1147 3975 eodem
1168 3912 1380 3977 Londoniensi

429 4036 501 4077 cum
517 4013 579 4077 isto
594 4012 654 4078 alia
668 4013 736 4077 duo
750 4033 898 4100 perversa
912 4009 1037 4098 judicia
1051 4016 1237 4095 reportavit,
1256 4014 1382 4076 Suanus

430 4117 470 4180 ad
485 4115 685 4203 praesentiam
699 4113 873 4202 appellavit
897 4125 1044 4191 vestram,
1059 4113 1230 4197 praefigens
1246 4113 1384 4176 octavas

431 4218 655 4304 apostolorum,
668 4240 769 4303 quum
784 4230 889 4281 tamen
906 4214 1035 4302 utrique
1046 4214 1149 4300 parati
1164 4236 1302 4277 essemus
1316 4236 1384 4276 om-

432 4342 502 4383 nem
514 4320 673 4406 justitiam
689 4318 851 4384 exhibere.

465 4490 692 4555 EPISTOLA
716 4489 973 4554 CXVlll.-sn
987 4508 1216 4554 messuimus
1235 4507 1354 4552 aaran.

676 4612 817 4673 Domino
832 4607 934 4691 Papae
948 4605 1139 4672 Alexandro.

479 4727 660 4791 Casursrrs
686 4724 837 4789 fraternas
862 4725 1038 4808 compassio
1063 4744 1121 4787 nos
1147 4721 1307 4795 admonet,
1330 4743 1386 4804 pm

437 4826 605 4890 venerabili
635 4828 733 4891 fratre
761 4838 868 4889 nostro
896 4822 1061 4888 Willelmo
1089 4822 1283 4887 Norwicensi
1308 4821 1389 4905 epis-
