3300 6434
420 1231 461 1289 rt
680 1243 816 1289 romnus
833 1242 1111 1288 sanssnsnrnusrs
1282 1225 1326 1306 [Δ.
1344 1246 1374 1289 n.

418 1393 545 1459 haeserit
567 1392 617 1457 his
634 1391 762 1470 diebus,
779 1392 865 1458 unde
885 1394 913 1458 ei
934 1394 1037 1459 debeo
1055 1393 1174 1478 gratias
1194 1394 1375 1483 ampliores.

418 1494 517 1559 Vobis
540 1516 599 1580 pro
619 1518 658 1559 eo
679 1494 920 1581 supplicatura
941 1495 1171 1582 magnisonis,
1191 1508 1224 1561 et
1245 1496 1374 1572 talibus,

419 1608 456 1660 ut
479 1593 585 1679 magni
608 1608 759 1682 reputare
785 1595 930 1675 debeam,
952 1596 977 1661 si
1001 1597 1134 1684 vestigia
1158 1619 1269 1662 eorum
1295 1598 1374 1662 mibi

417 1695 510 1762 liceat
532 1698 675 1763 adorare.
721 1700 767 1762 At
791 1710 899 1762 certus
919 1721 989 1764 sum
1012 1699 1100 1786 quod
1123 1698 1375 1786 quanticumque

418 1796 492 1872 sint,
516 1797 624 1863 nullus
645 1820 755 1862 eorum
779 1821 829 1863 me
852 1799 983 1865 minimo
1005 1800 1133 1864 servulo
1155 1813 1262 1866 vestro
1283 1799 1374 1865 vobis

418 1897 544 1965 fidelior
558 1912 618 1981 est,
628 1913 685 1965 aut
701 1899 856 1965 devotior.
886 1901 937 1967 Ad
950 1901 1049 1989 pedes
1063 1926 1140 1987 ergo
1151 1900 1374 1968 misericordior

420 2014 536 2066 vestrae
566 1999 757 2088 provolutus
781 2000 939 2089 supplioo,
966 2016 1004 2068 ut
1023 2002 1183 2089 justitiam
1208 2003 1278 2089 ejus
1303 2025 1377 2089 pro-

417 2102 537 2167 moveri
562 2102 766 2190 precipiatis,
791 2126 852 2170 neo
878 2126 953 2168 eum
979 2105 1020 2169 ab
1045 2103 1189 2169 arctioris
1211 2102 1287 2170 vitae
1311 2103 1373 2179 vie,

419 2225 517 2288 quam
534 2202 755 2287 religiosorum
770 2204 903 2268 oonsilio
923 2227 1092 2290 aggressus
1106 2217 1168 2284 est,
1182 2202 1374 2287 permittetis

418 2302 512 2366 evelli
536 2306 578 2367 ob
601 2324 712 2367 eorum
740 2302 991 2389 improbitatem,
1014 2302 1134 2389 quibus
1156 2302 1285 2368 videtur
1307 2326 1373 2368 esse

419 2401 531 2489 religio
542 2419 774 2483 eonsummatos,
790 2404 816 2468 si
831 2404 863 2469 in
879 2404 981 2470 causis
995 2405 1141 2471 omnibus
1156 2404 1361 2471 obtinuerint.

466 2808 687 2875 EPISTOLA
712 2812 929 2876 XLIIL-sn
944 2829 1102 2875 sennenn
1118 2830 1162 2874 nn
1178 2829 1326 2877 annosus

427 2959 665 3023 Veneraiiiiiue
675 2960 957 3043 amieiafratribne
967 2962 1005 3023 in
1017 2960 1145 3025 Christo
1153 2960 1374 3038 dileetissimis,

465 3057 508 3123 12.
523 3057 651 3135 Abbati,
667 3065 698 3122 et
707 3060 795 3142 filiis
813 3062 917 3141 ponis,
932 3062 990 3141 qui
1003 3062 1041 3122 in
1054 3062 1195 3143 capitulo
1208 3061 1375 3125 Arrooeiae

400 3184 410 3200 ·
464 3162 662 3235 convenient,
702 3161 741 3224 T.
774 3161 913 3224 Sonetoe
950 3161 1200 3226 Cantauriensis
1235 3164 1374 3226 eoeieeiee

465 3262 612 3325 minister
626 3262 757 3324 humiiis
771 3263 917 3326 salutem.

465 3419 515 3477 Au
546 3410 658 3476 ordine
689 3423 794 3475 vestro
830 3410 870 3474 de
900 3434 983 3476 novo
1018 3412 1104 3500 apud
1135 3436 1190 3477 vos
1225 3412 1373 3477 scandala

421 3526 628 3590 emerserunt,
644 3525 736 3577 tanto
750 3511 881 3597 quidem
903 3514 1058 3578 amariora
1077 3512 1236 3594 fidelibus,
1250 3525 1371 3599 quanto

422 3618 557 3701 praeviss
580 3616 694 3691 minus,
718 3627 750 3680 et
774 3624 891 3701 praeter
914 3616 1094 3703 opinionem
1123 3615 1264 3680 omnium
1290 3614 1372 3680 aeci·

421 3715 549 3780 derunt.
594 3716 691 3782 Zelus
705 3718 836 3803 quidem
851 3731 884 3784 et
899 3719 1071 3798 eontentio,
1087 3720 1222 3785 carnalis
1240 3718 1372 3784 effeetus

423 3812 540 3877 indicia
556 3828 642 3893 sunt,
655 3827 685 3878 et
702 3817 841 3901 propriae
856 3816 1022 3904 dignitatis
1036 3818 1217 3883 inordinata
1231 3818 1373 3882 defensio

422 3913 625 3979 ambitionem
648 3916 766 4001 arguit,
781 3931 812 3981 et
835 3918 1004 3983 oonvincit.
1049 3922 1134 3983 Eece
1155 3920 1239 3982 inter
1259 3919 1372 3984 iratres

425 4029 543 4079 vestros
559 4037 620 4078 non
636 4016 731 4080 modo
746 4016 909 4092 emulatio,
922 4016 976 4080 sed
988 4018 1056 4101 jam
1070 4017 1140 4079 rixo
1154 4027 1213 4096 est,
1223 4016 1290 4100 jam
1306 4017 1372 4080 fere

422 4116 545 4200 avergit
554 4116 586 4180 in
596 4138 746 4203 pugnam.
764 4120 856 4203 Soepe
865 4116 1114 4203 interposuimus
1123 4129 1230 4202 partes
1239 4128 1373 4193 nostres,

423 4231 459 4283 ut
474 4240 537 4303 pax
552 4218 779 4284 reformaretur
790 4222 822 4284 in
839 4222 935 4283 domo
947 4216 1091 4295 Domini,
1100 4234 1133 4282 et
1147 4214 1373 4303 compositione

422 4320 470 4383 vei
482 4318 607 4405 judicio
619 4320 765 4385 scandale
776 4320 817 4385 de
830 4319 933 4385 medio
950 4320 1145 4385 tollerentur.
1170 4318 1283 4382 Vexati
1297 4334 1373 4405 ergo

421 4444 542 4498 sumus,
552 4436 584 4486 et
597 4445 658 4486 non
675 4423 866 4509 proiecimus
881 4423 1063 4510 quicquam,
1076 4422 1131 4488 sed
1147 4421 1230 4485 fiunt
1243 4421 1276 4485 in
1292 4421 1372 4502 dies,

421 4519 480 4584 nisi
497 4524 585 4586 Deus
597 4545 724 4587 manum
741 4536 893 4609 apponat,
906 4525 1075 4589 novissima
1089 4546 1200 4587 eorum
1216 4522 1373 4587 deteriora

422 4622 588 4705 prioribus.
648 4623 760 4688 Abbas
788 4624 829 4687 de
864 4624 1065 4698 Lislesbuila,
1095 4636 1128 4686 et
1157 4623 1273 4687 fratres
1301 4623 1371 4708 ejus

416 4720 553 4805 justitiae
582 4723 708 4787 semitas
738 4745 800 4786 non
832 4735 1020 4807 sequuntur,
1046 4745 1083 4785 eo
1109 4721 1195 4807 quod
1223 4722 1371 4786 aberrant

421 4820 546 4904 longius
569 4846 587 4884 o
613 4823 753 4903 caritate,
778 4838 809 4887 et
837 4820 979 4885 nesciunt
1002 4824 1083 4887 viam
1112 4821 1209 4908 pacis,
1232 4835 1369 4905 utroquo
