3300 6434
352 1246 546 1325 ilde-66]
733 1266 911 1312 ammons.
1233 1255 1296 1315 213

345 1440 404 1483 nac
419 1428 578 1501 repugnat
593 1418 680 1503 quod
696 1418 729 1481 in
745 1419 857 1499 grandi
871 1418 955 1481 libro
971 1419 1109 1482 scribere
1119 1418 1230 1503 jussus
1245 1434 1294 1486 est

344 1523 427 1605 stylo
453 1521 604 1598 hominis,
625 1522 701 1605 quia
725 1520 807 1583 liber
832 1520 886 1583 ille
906 1520 975 1604 jam
1001 1520 1138 1604 scriptus
1162 1536 1239 1601 erat,
1262 1534 1296 1587 et

346 1624 484 1706 grandis,
499 1643 559 1686 uec
576 1621 618 1685 ad
632 1622 733 1705 ipsius
751 1622 949 1704 prophetias,
963 1632 999 1685 ut
1021 1622 1121 1696 aiunt,
1136 1624 1296 1706 pertinent

347 1724 553 1806 colligendas,
576 1745 647 1807 quae
670 1731 815 1806 exceptae
839 1725 975 1786 suntab
999 1723 1208 1800 auditoribus,
1224 1737 1256 1789 et
1276 1748 1297 1789 a

346 1826 477 1909 praesato
492 1847 565 1906 rega
578 1825 752 1907 dispositae.
790 1825 895 1887 lidem
910 1837 943 1889 et
958 1826 1130 1889 Parabolos
1142 1827 1296 1909 compila-

345 1940 468 2002 verunt,
484 1938 557 1991 aote
577 1927 705 2013 quidcm
722 1948 740 1989 a
763 1926 934 1989 Salomone
950 1926 1096 2004 dictatas,
1111 1938 1144 1990 et
1166 1928 1297 1993 silenter

348 2029 1015 2112 abexcipientibus,ututsitusurulgatas.
1039 2027 1135 2091 Unde
1144 2029 1297 2093 iniisdem

345 2133 505 2215 parabolis
519 2132 569 2193 hae
585 2151 713 2214 quoque
729 2140 804 2192 sunt
827 2130 987 2210 parabolae
1010 2128 1202 2204 Salomonis,
1218 2153 1299 2215 quas

346 2236 573 2300 transtulerunt
587 2233 643 2294 viri
660 2231 814 2298 Ezechiae
837 2231 919 2311 regis
940 2232 962 2294 J
965 2230 1037 2294 uda.
1081 2231 1298 2297 Transtulisse

346 2346 452 2399 autem
469 2334 628 2410 dicuutur,
644 2335 720 2417 quia
733 2332 824 2417 quasi
840 2330 880 2394 de
897 2333 968 2396 loco
984 2332 1025 2395 ad
1041 2334 1160 2410 locum,
1176 2335 1217 2396 ab
1238 2356 1299 2398 usu

348 2437 480 2515 vulgari,
508 2447 541 2498 et
569 2435 700 2518 priuatis
732 2434 865 2499 fortasse
896 2432 1059 2495 schedulis
1092 2433 1300 2515 singulorum,

345 2540 477 2624 publica
491 2538 678 2602 auctoritate
694 2536 906 2600 traduxerunt
921 2536 954 2598 in
972 2535 1138 2601 Cononem
1156 2536 1298 2622 Scriptu-

344 2660 459 2710 rarum.
507 2638 587 2701 lnde
604 2633 699 2701 etiam
719 2635 883 2700 roboratur
904 2637 974 2699 haec
998 2636 1138 2715 traditio,
1154 2640 1241 2723 quod
1264 2640 1299 2703 in

345 2742 438 2805 tertio
454 2741 581 2823 Regum
593 2742 743 2824 scriptum
759 2749 818 2815 est,
831 2739 1000 2819 loquutus
1010 2744 1057 2801 est
1070 2738 1220 2803 Salomon
1233 2743 1300 2805 trio

347 2845 450 2907 millio
470 2843 650 2924 parabolae,
672 2847 704 2904 et
721 2843 871 2921 fuerunt
892 2842 1041 2904 carmina
1062 2842 1133 2921 ejus
1155 2846 1301 2927 quinqua

346 2949 461 3024 millio,
470 2951 500 3007 et
511 2946 691 3026 disputavit
702 2966 723 3006 o
735 2943 825 3006 cedro
838 2944 955 3006 libani
967 2964 1068 3025 usque
1079 2944 1122 3006 od
1131 2946 1301 3029 hyssopum

347 3052 403 3126 dac,
450 3048 524 3110 Hoc
540 3048 624 3109 enim
648 3045 766 3109 dixisse
789 3046 897 3129 potius
919 3045 1067 3123 creditur,
1083 3068 1178 3130 quam
1201 3049 1300 3133 scrip-

348 3152 439 3214 sisse.
485 3150 568 3212 Sunt
596 3149 651 3233 qui
678 3148 818 3211 carmina
833 3147 902 3232 ejus
932 3147 1067 3211 referant
1097 3148 1139 3212 ad
1166 3149 1302 3214 Cantica

345 3251 570 3315 Canticorum:
594 3250 844 3333 disputationem
859 3249 1049 3313 naturalium
1065 3251 1243 3314 amaximis
1258 3252 1300 3315 ad

273 3340 276 3345 ¹
346 3355 477 3418 minima
496 3353 732 3437 procedentem,
750 3352 789 3415 ad
805 3352 1073 3432 significationem
1095 3373 1203 3415 eorum
1226 3374 1299 3436 quae

349 3458 564 3520 Ecclesiastes
575 3457 609 3518 in
621 3454 718 3517 totius
730 3452 842 3516 mundi
855 3453 1065 3516 concionatur
1079 3450 1199 3516 auditu.
1237 3453 1302 3517 Sed

350 3559 390 3622 de
418 3557 469 3620 his
499 3557 586 3620 alias.
633 3556 717 3617 Nam
747 3565 779 3616 et
808 3550 1082 3630 Ecclesiasticem,
1107 3564 1140 3617 et
1168 3553 1303 3620 Cantica

350 3661 556 3723 Canticorum
593 3656 719 3722 Canoni
757 3655 991 3737 Scripturamm
1028 3676 1086 3719 rex
1125 3655 1301 3721 ,lennalem

349 3760 511 3824 Ezechias
526 3771 558 3822 et
573 3758 795 3822 conscholares
810 3756 859 3818 sui
875 3755 1025 3820 dicuntur
1039 3757 1204 3843 adjecisse.
1244 3760 1301 3825 Sa·

348 3862 487 3924 lomonis
502 3870 609 3923 tamen
630 3858 818 3923 auctoritate
841 3857 974 3940 prolata,
992 3880 1087 3943 quem
1103 3860 1136 3922 in
1151 3860 1201 3924 his
1223 3883 1301 3926 con·

351 3962 529 4027 scribendis
565 3962 772 4036 inventorem,
803 3971 835 4023 et
865 3960 956 4045 quasi
986 3961 1125 4042 publicas
1154 3963 1302 4028 utilitatis

346 4086 527 4149 proeccnem
549 4064 734 4127 habuerant.
780 4063 855 4125 Hoc
877 4074 985 4126 tamen
1009 4075 1119 4126 contra
1141 4065 1300 4145 vulgatam

348 4170 541 4253 opinionem,
556 4167 613 4231 aed
628 4189 671 4231 an
694 4179 807 4230 contra
819 4165 982 4228 veritatem
1007 4163 1126 4227 dictum
1149 4166 1201 4240 sit,
1217 4165 1303 4230 diffi-

350 4272 419 4333 niat
432 4271 486 4333 ille
502 4270 556 4353 qui
571 4269 670 4331 nouit
702 4270 852 4349 Aggaeus,
865 4265 1048 4342 Zacharias,
1063 4275 1095 4328 et
1109 4266 1301 4345 Malachiae,

350 4370 503 4433 adhibitis
524 4391 567 4430 xv
591 4369 677 4445 viris,
698 4368 839 4431 maximo
862 4363 1001 4430 fideliter
1021 4388 1193 4449 synagogae
1215 4371 1303 4435 Eza-

346 4472 458 4535 chielis
474 4470 600 4533 oracula
616 4479 873 4551 composuerunt.
910 4468 985 4551 Ipsa
1008 4469 1093 4531 enim
1115 4470 1301 4552 praedicavit

350 4572 498 4647 visiones,
513 4583 545 4634 et
564 4568 670 4633 inlisit
691 4569 851 4632 memoriae
867 4568 1047 4633 auditorum
1069 4572 1195 4655 quasin
1219 4585 1301 4639 terra

348 4675 471 4758 polluta
493 4673 632 4736 scribere
657 4672 771 4748 noluit,
792 4691 832 4734 ne
859 4681 971 4735 sancta
996 4673 1220 4755 prophanaret,
1243 4676 1299 4740 sed

346 4776 510 4861 praecepit,
541 4786 576 4837 ut
605 4774 818 4837 scriberentur
847 4774 879 4835 in
909 4783 991 4836 terra
1021 4774 1163 4837 Domini.
1210 4777 1298 4842 Huic

349 4888 455 4942 autern
471 4875 673 4961 suspensioni
690 4874 803 4940 alludit
824 4877 983 4956 Psalmus,
999 4876 1121 4957 dicens,
1138 4878 1183 4940 In
1195 4878 1301 4953 salic}
