3300 6434
340 1223 404 1282 280
598 1233 735 1279 sosuurs
751 1233 1030 1279 saussusursxsrs
1198 1215 1246 1294 [s.
1268 1234 1306 1279 n.

341 1386 527 1469 profitentur
552 1385 694 1449 moribus
722 1384 853 1449 obedire
879 1388 1046 1450 servilibus
1071 1407 1301 1470 perversarum

341 1488 616 1563 consuetudinem,
646 1509 741 1571 quam
775 1489 808 1550 in
837 1489 1018 1551 libertatem
1053 1490 1182 1572 spiritns
1212 1490 1303 1552 selle

342 1589 485 1653 evadere.
529 1592 580 1651 An
594 1609 659 1651 uon
680 1590 822 1652 recolitis
843 1590 920 1671 quia
942 1589 1013 1652 dnae
1036 1590 1136 1652 tribus
1151 1601 1184 1653 et
1199 1590 1304 1653 dimi·

343 1691 407 1768 dia,
434 1711 506 1774 quse
535 1711 654 1774 pecora
682 1692 783 1753 mults
811 1690 984 1766 habebant,
1013 1702 1045 1752 et
1073 1693 1305 1774 possessiones

343 1792 507 1874 plurimas,
536 1812 601 1853 non
631 1791 749 1853 sortita
779 1802 854 1853 sunt
881 1790 1097 1853 haereditatem
1127 1791 1161 1853 in
1188 1790 1305 1854 medio

343 1893 483 1969 fratrum,
510 1892 543 1955 id
570 1905 619 1954 est
647 1891 809 1955 communi
834 1907 925 1969 terra,
956 1892 1085 1955 scilicet
1114 1893 1304 1975 promissio·

342 1993 406 2067 nis,
427 1992 484 2056 sed
504 1992 644 2056 Jordane
666 1992 811 2055 nondum
835 1993 969 2056 transito
991 1993 1024 2054 iu
1047 1994 1302 2056 Amorrheorum

343 2094 463 2158 finibus
479 2092 710 2158 substiterunt?
749 2094 868 2156 Nonne
890 2094 953 2156 hoo
969 2094 1002 2155 iu
1018 2094 1182 2175 evangelio
1197 2095 1302 2157 inter·

342 2206 483 2279 pretatur
495 2197 569 2278 pius
589 2196 696 2270 Jesns,
711 2216 769 2277 per
789 2194 924 2275 figuram
946 2194 1100 2258 dictionis
1122 2197 1301 2273 affirmans,

343 2296 420 2380 quia
434 2297 559 2359 facilius
580 2304 630 2357 est
644 2296 802 2357 camelum
822 2315 881 2376 per
896 2296 1037 2357 foramen
1059 2316 1136 2358 acus
1150 2296 1300 2373 transire,

343 2416 437 2479 quam
454 2394 586 2458 divitem
602 2391 716 2456 intrare
737 2394 772 2456 in
796 2415 930 2475 reguum
945 2393 1123 2457 coelorum?
1163 2393 1208 2458 Et
1223 2397 1299 2479 qui·

343 2496 417 2558 dem
445 2495 500 2578 qui
529 2495 570 2557 ad
595 2494 822 2557 transeundum
848 2495 1024 2558 Jordanem
1048 2496 1131 2579 pigri
1157 2496 1301 2574 fuerant,

344 2597 439 2659 altare
462 2595 722 2658 contradictionis
744 2606 776 2657 et
797 2595 943 2659 scandali
971 2607 1083 2679 postea
1104 2609 1300 2674 erexeruut;

344 2698 428 2761 sicut
442 2696 587 2779 episcopi
602 2695 712 2771 nostri,
727 2696 783 2778 qui
799 2698 859 2758 sub
876 2707 1038 2779 praetextu
1052 2698 1145 2781 juris,
1160 2698 1297 2761 sormam

341 2798 530 2879 strigorem
548 2795 680 2879 justitiae
703 2807 858 2860 conantur
878 2798 1017 2876 eludere,
1038 2798 1094 2861 sed
1117 2810 1149 2861 et
1169 2799 1230 2861 hos
1253 2799 1300 2862 ad

341 2898 495 2961 unitatem
526 2904 559 2959 et
587 2897 716 2979 pietatis
752 2899 873 2960 cultum
910 2899 1122 2981 triumphator
1150 2900 1297 2981 gentium

237 2998 244 3005 '
341 2998 500 3081 legatione
523 2997 618 3060 missa
639 2999 801 3061 revocabit
821 2999 927 3076 Jesus,
949 3000 1010 3062 hoc
1034 3011 1083 3062 est
1106 2999 1147 3062 ad
1171 3000 1297 3083 proles-

343 3100 463 3163 sioucm
478 3100 559 3181 legis
581 3112 614 3163 et
630 3098 761 3181 justitiae
784 3101 919 3177 cultum,
935 3112 970 3162 ut
991 3100 1080 3182 quod
1102 3113 1223 3163 rectum
1246 3113 1301 3165 est

343 3221 450 3265 coram
476 3202 548 3263 Deo
571 3201 707 3283 sapiant,
724 3201 905 3284 loquantur,
925 3213 957 3264 et
978 3201 1106 3275 faciant,
1129 3214 1161 3265 et
1184 3204 1301 3266 armsti

342 3302 564 3367 exhortatione
587 3302 723 3383 Moysis,
737 3301 770 3363 id
793 3312 843 3364 est
862 3302 979 3365 divinae
1002 3304 1094 3384 legis,
1109 3304 1301 3386 praecedant

342 3405 453 3468 fratres
479 3407 564 3481 su'os,
587 3403 690 3466 donec
715 3402 845 3466 Christo
871 3403 1038 3467 haereditas
1065 3426 1132 3483 sua,
1157 3406 1301 3469 ecclesia

342 3507 474 3583 scilicet,
497 3507 648 3568 liberetur
673 3503 714 3566 de
739 3504 889 3566 manibus
911 3505 1064 3583 hostium,
1090 3519 1122 3569 et
1147 3517 1221 3589 post
1242 3507 1298 3569 in-

343 3608 446 3688 clytos
462 3607 503 3670 de
517 3606 610 3669 viciis
625 3605 802 3687 triumphos
816 3605 993 3668 stabiliatur
1007 3607 1040 3667 in
1057 3617 1148 3670 terra.

385 3709 420 3771 Si
434 3708 560 3771 interim
573 3706 816 3769 Herelordensis
831 3706 1014 3790 episcopus,
1027 3708 1082 3788 qui
1099 3730 1118 3771 s
1132 3710 1299 3793 plerisque

343 3807 508 3870 videbatur
525 3806 714 3870 liberaturus
735 3808 846 3883 lsrael,
865 3807 899 3868 in
918 3817 1105 3891 contemptu
1124 3809 1247 3886 muudi,
1263 3825 1301 3874 et

342 3907 456 3992 peritia
469 3905 654 3983 litterarum,
675 3928 807 3989 quarum
831 3907 872 3969 ab
893 3907 1023 3989 ignaris,
1039 3910 1088 3971 vel
1106 3931 1178 3973 eum
1200 3912 1297 3992 igno-

342 4010 487 4073 rantibus
509 4006 649 4071 creditur
671 4008 788 4070 habere
815 4008 953 4090 copiam,
976 4031 1032 4072 vos
1054 4013 1301 4077 conturbatores

343 4111 489 4175 ecclesiae
504 4120 677 4192 nuncupat,
693 4108 722 4170 ei
740 4118 773 4170 et
794 4108 1007 4189 complicibus
1022 4112 1088 4174 suis
1110 4112 1299 4195 responderi

344 4211 459 4296 poterit
475 4208 580 4272 verbis
604 4211 711 4274 Heliae
733 4209 881 4272 similiter
901 4210 1071 4293 objurgati,
1095 4214 1231 4277 dicentis
1251 4217 1298 4279 ad

344 4314 468 4389 Achab,
492 4314 566 4377 Non
591 4333 646 4393 eqo
672 4311 802 4374 turboni
831 4312 948 4389 Israel,
971 4316 1029 4377 sed
1052 4324 1099 4393 tn,
1125 4325 1156 4378 et
1183 4317 1299 4380 Minus

340 4417 450 4497 putris
476 4415 538 4490 lui,
562 4415 621 4495 qui
650 4413 870 4495 dereliquistis
899 4416 1059 4477 mandato
1087 4419 1234 4494 Domini,
1263 4430 1299 4481 et

343 4518 472 4602 sequuti
496 4517 573 4577 estis
601 4513 754 4576 Baalim:
787 4535 853 4577 nou
874 4514 962 4597 quod
981 4537 1036 4579 ore
1060 4531 1163 4580 vestro
1188 4520 1298 4596 velim,

342 4620 397 4703 qui
424 4615 607 4680 modestiam
638 4614 769 4691 suadeo,
795 4614 867 4678 haec
897 4616 1055 4700 episcopis
1082 4620 1292 4702 responderi;

343 4720 400 4782 sed
420 4718 480 4781 sibi
501 4739 520 4780 a
543 4716 748 4779 conscientiis
771 4717 848 4793 suis,
869 4718 918 4780 vel
939 4720 978 4780 ab
1002 4720 1110 4803 aliquo
1132 4721 1294 4801 religioso,

343 4819 399 4907 qui
415 4817 562 4898 corripiat
577 4838 644 4893 eos,
658 4838 696 4878 eo
719 4816 806 4899 quod
820 4817 885 4880 siut
899 4820 1036 4882 cultores
1058 4822 1201 4896 Jezabcl,
1219 4843 1293 4905 quae
