<?xml version="1.0" encoding="UTF-8"?>
<!DOCTYPE html PUBLIC "-//W3C//DTD XHTML 1.0 Transitional//EN"
    "http://www.w3.org/TR/xhtml1/DTD/xhtml1-transitional.dtd">
<html xmlns="http://www.w3.org/1999/xhtml" xml:lang="en" lang="en">
 <head>
  <title>
</title>
<meta http-equiv="Content-Type" content="text/html;charset=utf-8" />
  <meta name='ocr-system' content='tesseract 3.04.00' />
  <meta name='ocr-capabilities' content='ocr_page ocr_carea ocr_par ocr_line ocrx_word'/>
</head>
<body>
  <div class='ocr_page' id='page_1' title='image "./joannissaresber14johngoog_0078.png"; bbox 0 0 3300 6434; ppageno 0'>
   <div class='ocr_carea' id='block_1_1' title="bbox 414 1231 1362 1305">
    <p class='ocr_par' dir='ltr' id='par_1_1' title="bbox 414 1231 1362 1305">
     <span class='ocr_line' id='line_1_1' title="bbox 414 1231 1362 1305; baseline -0.006 -8"><span class='ocrx_word' id='word_1_1' title='bbox 414 1238 456 1297; x_wconf 80' lang='grc'><strong>58</strong></span> <span class='ocrx_word' id='word_1_2' title='bbox 664 1248 801 1294; x_wconf 77' lang='lat' dir='ltr'><strong>romara</strong></span> <span class='ocrx_word' id='word_1_3' title='bbox 815 1246 1092 1292; x_wconf 78' lang='lat' dir='ltr'><strong>sansssnnrsssrs</strong></span> <span class='ocrx_word' id='word_1_4' title='bbox 1267 1231 1314 1305; x_wconf 81' lang='lat' dir='ltr'><strong>[a.</strong></span> <span class='ocrx_word' id='word_1_5' title='bbox 1332 1247 1362 1291; x_wconf 87' lang='lat' dir='ltr'><strong>o.</strong></span> 
     </span>
    </p>
   </div>
   <div class='ocr_carea' id='block_1_2' title="bbox 412 1397 1365 1989">
    <p class='ocr_par' dir='ltr' id='par_1_2' title="bbox 412 1397 1365 1989">
     <span class='ocr_line' id='line_1_2' title="bbox 414 1397 1362 1485; baseline -0.003 -19"><span class='ocrx_word' id='word_1_6' title='bbox 414 1404 532 1467; x_wconf 86' lang='lat' dir='ltr'><strong>Ratarn</strong></span> <span class='ocrx_word' id='word_1_7' title='bbox 546 1400 671 1478; x_wconf 86' lang='lat' dir='ltr'><strong>habete,</strong></span> <span class='ocrx_word' id='word_1_8' title='bbox 687 1400 712 1464; x_wconf 91' lang='lat' dir='ltr'><strong>si</strong></span> <span class='ocrx_word' id='word_1_9' title='bbox 728 1398 843 1485; x_wconf 88' lang='lat' dir='ltr'><strong>placet,</strong></span> <span class='ocrx_word' id='word_1_10' title='bbox 859 1397 1097 1484; x_wconf 77' lang='lat' dir='ltr'>dispositionem</span> <span class='ocrx_word' id='word_1_11' title='bbox 1115 1418 1229 1474; x_wconf 84' lang='lat' dir='ltr'><strong>meam,</strong></span> <span class='ocrx_word' id='word_1_12' title='bbox 1244 1410 1276 1463; x_wconf 89' lang='lat' dir='ltr'><strong>et</strong></span> <span class='ocrx_word' id='word_1_13' title='bbox 1292 1419 1362 1463; x_wconf 92' lang='lat' dir='ltr'><strong>eam</strong></span> 
     </span>
     <span class='ocr_line' id='line_1_3' title="bbox 413 1497 1363 1584; baseline -0.006 -16"><span class='ocrx_word' id='word_1_14' title='bbox 413 1502 602 1568; x_wconf 79' lang='lat' dir='ltr'><strong>transmissis</strong></span> <span class='ocrx_word' id='word_1_15' title='bbox 616 1501 656 1565; x_wconf 88' lang='lat' dir='ltr'><strong>ad</strong></span> <span class='ocrx_word' id='word_1_16' title='bbox 673 1499 820 1565; x_wconf 85' lang='lat' dir='ltr'><strong>officiales</strong></span> <span class='ocrx_word' id='word_1_17' title='bbox 830 1508 951 1564; x_wconf 84' lang='lat' dir='ltr'><strong>vestros</strong></span> <span class='ocrx_word' id='word_1_18' title='bbox 965 1498 1150 1584; x_wconf 88' lang='lat' dir='ltr'><strong>patentibus</strong></span> <span class='ocrx_word' id='word_1_19' title='bbox 1161 1497 1275 1563; x_wconf 91' lang='lat' dir='ltr'><strong>litteris</strong></span> <span class='ocrx_word' id='word_1_20' title='bbox 1289 1521 1363 1563; x_wconf 91' lang='lat' dir='ltr'><strong>con·</strong></span> 
     </span>
     <span class='ocr_line' id='line_1_4' title="bbox 412 1599 1363 1689; baseline -0.005 -19"><span class='ocrx_word' id='word_1_21' title='bbox 412 1603 547 1671; x_wconf 83' lang='lat' dir='ltr'><strong>firmate.</strong></span> <span class='ocrx_word' id='word_1_22' title='bbox 591 1603 706 1689; x_wconf 87' lang='lat' dir='ltr'>Neque</span> <span class='ocrx_word' id='word_1_23' title='bbox 734 1602 818 1666; x_wconf 91' lang='lat' dir='ltr'><strong>enim</strong></span> <span class='ocrx_word' id='word_1_24' title='bbox 849 1602 1020 1687; x_wconf 90' lang='lat' dir='ltr'><strong>quicquam</strong></span> <span class='ocrx_word' id='word_1_25' title='bbox 1043 1599 1113 1663; x_wconf 88' lang='lat' dir='ltr'><strong>auri</strong></span> <span class='ocrx_word' id='word_1_26' title='bbox 1142 1615 1284 1686; x_wconf 80' lang='lat' dir='ltr'><strong>superest</strong></span> <span class='ocrx_word' id='word_1_27' title='bbox 1315 1601 1363 1665; x_wconf 87' lang='lat' dir='ltr'><strong>rel</strong></span> 
     </span>
     <span class='ocr_line' id='line_1_5' title="bbox 413 1701 1365 1792; baseline -0.005 -22"><span class='ocrx_word' id='word_1_28' title='bbox 413 1708 550 1792; x_wconf 80' lang='lat' dir='ltr'>argenti,</span> <span class='ocrx_word' id='word_1_29' title='bbox 571 1704 627 1769; x_wconf 87' lang='lat' dir='ltr'><strong>sed</strong></span> <span class='ocrx_word' id='word_1_30' title='bbox 649 1703 798 1768; x_wconf 79' lang='lat' dir='ltr'><strong>victualia</strong></span> <span class='ocrx_word' id='word_1_31' title='bbox 817 1716 943 1768; x_wconf 88' lang='lat' dir='ltr'><strong>tantum</strong></span> <span class='ocrx_word' id='word_1_32' title='bbox 966 1715 998 1766; x_wconf 89' lang='lat' dir='ltr'><strong>et</strong></span> <span class='ocrx_word' id='word_1_33' title='bbox 1013 1725 1088 1787; x_wconf 74' lang='lat' dir='ltr'><strong>qua&gt;</strong></span> <span class='ocrx_word' id='word_1_34' title='bbox 1110 1724 1226 1787; x_wconf 86' lang='lat' dir='ltr'><strong>magno</strong></span> <span class='ocrx_word' id='word_1_35' title='bbox 1247 1701 1365 1765; x_wconf 87' lang='lat' dir='ltr'><strong>damno</strong></span> 
     </span>
     <span class='ocr_line' id='line_1_6' title="bbox 413 1802 1365 1893; baseline -0.002 -22"><span class='ocrx_word' id='word_1_36' title='bbox 413 1820 564 1893; x_wconf 91' lang='lat' dir='ltr'><strong>poterunt</strong></span> <span class='ocrx_word' id='word_1_37' title='bbox 579 1830 645 1871; x_wconf 89' lang='lat' dir='ltr'><strong>esse</strong></span> <span class='ocrx_word' id='word_1_38' title='bbox 661 1810 774 1870; x_wconf 89' lang='lat' dir='ltr'><strong>amissa</strong></span> <span class='ocrx_word' id='word_1_39' title='bbox 788 1804 997 1891; x_wconf 87' lang='lat' dir='ltr'><strong>pauperibus,</strong></span> <span class='ocrx_word' id='word_1_40' title='bbox 1013 1817 1045 1869; x_wconf 94' lang='lat' dir='ltr'><strong>et</strong></span> <span class='ocrx_word' id='word_1_41' title='bbox 1060 1804 1152 1869; x_wconf 85' lang='lat' dir='ltr'><strong>vobis</strong></span> <span class='ocrx_word' id='word_1_42' title='bbox 1166 1802 1257 1868; x_wconf 92' lang='lat' dir='ltr'><strong>nullo</strong></span> <span class='ocrx_word' id='word_1_43' title='bbox 1271 1817 1365 1869; x_wconf 90' lang='lat' dir='ltr'><strong>erunt</strong></span> 
     </span>
     <span class='ocr_line' id='line_1_7' title="bbox 412 1908 856 1989; baseline 0 -16"><span class='ocrx_word' id='word_1_44' title='bbox 412 1909 635 1989; x_wconf 88' lang='lat' dir='ltr'><strong>emolumento,</strong></span> <span class='ocrx_word' id='word_1_45' title='bbox 650 1908 700 1973; x_wconf 85' lang='lat' dir='ltr'><strong>rel</strong></span> <span class='ocrx_word' id='word_1_46' title='bbox 716 1908 856 1973; x_wconf 89' lang='lat' dir='ltr'><strong>minimo.</strong></span> 
     </span>
    </p>
   </div>
   <div class='ocr_carea' id='block_1_3' title="bbox 416 2102 1323 2330">
    <p class='ocr_par' dir='ltr' id='par_1_3' title="bbox 416 2102 1323 2330">
     <span class='ocr_line' id='line_1_8' title="bbox 416 2102 1323 2178; baseline -0.002 -9"><span class='ocrx_word' id='word_1_47' title='bbox 416 2168 421 2178; x_wconf 86' lang='grc'><strong><em>,</em></strong></span> <span class='ocrx_word' id='word_1_48' title='bbox 457 2102 698 2171; x_wconf 81' lang='lat' dir='ltr'><strong>EPISTOLA</strong></span> <span class='ocrx_word' id='word_1_49' title='bbox 724 2102 888 2165; x_wconf 83' lang='lat' dir='ltr'><strong>LV.-sn</strong></span> <span class='ocrx_word' id='word_1_50' title='bbox 903 2119 1095 2165; x_wconf 79' lang='lat' dir='ltr'><strong>wasrsansr</strong></span> <span class='ocrx_word' id='word_1_51' title='bbox 1112 2120 1203 2167; x_wconf 81' lang='lat' dir='ltr'><strong>sorr.</strong></span> <span class='ocrx_word' id='word_1_52' title='bbox 1220 2122 1323 2169; x_wconf 80' lang='lat' dir='ltr'><strong>serso.</strong></span> 
     </span>
     <span class='ocr_line' id='line_1_9' title="bbox 551 2243 1125 2330; baseline -0.002 -23"><span class='ocrx_word' id='word_1_53' title='bbox 551 2317 559 2330; x_wconf 33' lang='lat'><em>⁶</em></span> <span class='ocrx_word' id='word_1_54' title='bbox 648 2247 786 2309; x_wconf 81' lang='lat' dir='ltr'><strong>Waltaro</strong></span> <span class='ocrx_word' id='word_1_55' title='bbox 798 2243 942 2330; x_wconf 78' lang='lat' dir='ltr'><strong>Roffensi</strong></span> <span class='ocrx_word' id='word_1_56' title='bbox 956 2244 1125 2325; x_wconf 84' lang='lat' dir='ltr'><strong>Episoopo.</strong></span> 
     </span>
    </p>
   </div>
   <div class='ocr_carea' id='block_1_4' title="bbox 414 2383 1370 4911">
    <p class='ocr_par' dir='ltr' id='par_1_4' title="bbox 414 2383 1370 4911">
     <span class='ocr_line' id='line_1_10' title="bbox 459 2383 1364 2462; baseline 0.002 -9"><span class='ocrx_word' id='word_1_57' title='bbox 459 2391 643 2454; x_wconf 72' lang='lat' dir='ltr'><strong>umnam</strong></span> <span class='ocrx_word' id='word_1_58' title='bbox 670 2386 801 2450; x_wconf 81' lang='lat' dir='ltr'><strong>offendit</strong></span> <span class='ocrx_word' id='word_1_59' title='bbox 824 2387 858 2449; x_wconf 94' lang='lat' dir='ltr'><strong>in</strong></span> <span class='ocrx_word' id='word_1_60' title='bbox 882 2383 1059 2462; x_wconf 80' lang='lat' dir='ltr'><strong>Christum,</strong></span> <span class='ocrx_word' id='word_1_61' title='bbox 1088 2386 1140 2451; x_wconf 90' lang='lat' dir='ltr'><strong>cui</strong></span> <span class='ocrx_word' id='word_1_62' title='bbox 1167 2386 1199 2450; x_wconf 93' lang='lat' dir='ltr'><strong>in</strong></span> <span class='ocrx_word' id='word_1_63' title='bbox 1228 2388 1364 2455; x_wconf 81' lang='lat' dir='ltr'><strong>fratrum</strong></span> 
     </span>
     <span class='ocr_line' id='line_1_11' title="bbox 415 2488 1363 2576; baseline 0.001 -20"><span class='ocrx_word' id='word_1_64' title='bbox 415 2491 538 2556; x_wconf 85' lang='lat' dir='ltr'><strong>unitate</strong></span> <span class='ocrx_word' id='word_1_65' title='bbox 552 2488 782 2554; x_wconf 72' lang='lat' dir='ltr'><strong>amoenissimus</strong></span> <span class='ocrx_word' id='word_1_66' title='bbox 803 2489 909 2552; x_wconf 86' lang='lat' dir='ltr'><strong>factus</strong></span> <span class='ocrx_word' id='word_1_67' title='bbox 924 2500 971 2552; x_wconf 88' lang='lat' dir='ltr'><strong>est</strong></span> <span class='ocrx_word' id='word_1_68' title='bbox 996 2488 1095 2562; x_wconf 83' lang='lat' dir='ltr'><strong>loeus,</strong></span> <span class='ocrx_word' id='word_1_69' title='bbox 1117 2489 1173 2573; x_wconf 93' lang='lat' dir='ltr'><strong>qui</strong></span> <span class='ocrx_word' id='word_1_70' title='bbox 1189 2513 1227 2553; x_wconf 87' lang='lat' dir='ltr'><strong>ea</strong></span> <span class='ocrx_word' id='word_1_71' title='bbox 1241 2513 1317 2576; x_wconf 85' lang='lat' dir='ltr'><strong>qnae</strong></span> <span class='ocrx_word' id='word_1_72' title='bbox 1331 2491 1363 2558; x_wconf 92' lang='lat' dir='ltr'><strong>in</strong></span> 
     </span>
     <span class='ocr_line' id='line_1_12' title="bbox 415 2590 1362 2677; baseline 0.002 -21"><span class='ocrx_word' id='word_1_73' title='bbox 415 2592 512 2657; x_wconf 90' lang='lat' dir='ltr'><strong>domo</strong></span> <span class='ocrx_word' id='word_1_74' title='bbox 532 2593 602 2677; x_wconf 85' lang='lat' dir='ltr'><strong>ejus</strong></span> <span class='ocrx_word' id='word_1_75' title='bbox 623 2590 664 2655; x_wconf 93' lang='lat' dir='ltr'><strong>ad</strong></span> <span class='ocrx_word' id='word_1_76' title='bbox 686 2611 793 2675; x_wconf 89' lang='lat' dir='ltr'><strong>pacem</strong></span> <span class='ocrx_word' id='word_1_77' title='bbox 815 2591 1006 2667; x_wconf 89' lang='lat' dir='ltr'><strong>factasunt,</strong></span> <span class='ocrx_word' id='word_1_78' title='bbox 1028 2590 1143 2654; x_wconf 92' lang='lat' dir='ltr'><strong>nititur</strong></span> <span class='ocrx_word' id='word_1_79' title='bbox 1162 2595 1362 2676; x_wconf 89' lang='lat' dir='ltr'><strong>perturbare.</strong></span> 
     </span>
     <span class='ocr_line' id='line_1_13' title="bbox 415 2690 1364 2778; baseline 0.002 -21"><span class='ocrx_word' id='word_1_80' title='bbox 415 2694 484 2758; x_wconf 90' lang='lat' dir='ltr'><strong>Nos</strong></span> <span class='ocrx_word' id='word_1_81' title='bbox 501 2706 607 2758; x_wconf 90' lang='lat' dir='ltr'><strong>autem</strong></span> <span class='ocrx_word' id='word_1_82' title='bbox 629 2691 868 2759; x_wconf 80' lang='lat' dir='ltr'><strong>cantuariensis</strong></span> <span class='ocrx_word' id='word_1_83' title='bbox 889 2690 1027 2755; x_wconf 77' lang='lat' dir='ltr'><strong>ecclesias</strong></span> <span class='ocrx_word' id='word_1_84' title='bbox 1051 2715 1174 2778; x_wconf 87' lang='lat' dir='ltr'><strong>semper</strong></span> <span class='ocrx_word' id='word_1_85' title='bbox 1193 2693 1364 2759; x_wconf 87' lang='lat' dir='ltr'><strong>dileximus</strong></span> 
     </span>
     <span class='ocr_line' id='line_1_14' title="bbox 414 2793 1365 2881; baseline 0.001 -21"><span class='ocrx_word' id='word_1_86' title='bbox 414 2816 535 2881; x_wconf 87' lang='lat' dir='ltr'><strong>pacem,</strong></span> <span class='ocrx_word' id='word_1_87' title='bbox 557 2807 589 2860; x_wconf 91' lang='lat' dir='ltr'><strong>et</strong></span> <span class='ocrx_word' id='word_1_88' title='bbox 613 2795 753 2859; x_wconf 92' lang='lat' dir='ltr'><strong>Domino</strong></span> <span class='ocrx_word' id='word_1_89' title='bbox 773 2793 925 2880; x_wconf 92' lang='lat' dir='ltr'><strong>propitio,</strong></span> <span class='ocrx_word' id='word_1_90' title='bbox 948 2795 1040 2859; x_wconf 91' lang='lat' dir='ltr'><strong>nobis</strong></span> <span class='ocrx_word' id='word_1_91' title='bbox 1054 2794 1087 2858; x_wconf 92' lang='lat' dir='ltr'><strong>in</strong></span> <span class='ocrx_word' id='word_1_92' title='bbox 1109 2795 1223 2860; x_wconf 89' lang='lat' dir='ltr'><strong>fratres</strong></span> <span class='ocrx_word' id='word_1_93' title='bbox 1241 2810 1365 2861; x_wconf 87' lang='lat' dir='ltr'><strong>nostros</strong></span> 
     </span>
     <span class='ocr_line' id='line_1_15' title="bbox 416 2895 1367 2985; baseline 0.002 -24"><span class='ocrx_word' id='word_1_94' title='bbox 416 2897 557 2962; x_wconf 88' lang='lat' dir='ltr'><strong>caritatis</strong></span> <span class='ocrx_word' id='word_1_95' title='bbox 567 2897 599 2961; x_wconf 91' lang='lat' dir='ltr'><strong>in</strong></span> <span class='ocrx_word' id='word_1_96' title='bbox 612 2896 679 2961; x_wconf 91' lang='lat' dir='ltr'><strong>dies</strong></span> <span class='ocrx_word' id='word_1_97' title='bbox 689 2895 823 2982; x_wconf 86' lang='lat' dir='ltr'><strong>profecit</strong></span> <span class='ocrx_word' id='word_1_98' title='bbox 835 2897 979 2976; x_wconf 86' lang='lat' dir='ltr'><strong>affectus,</strong></span> <span class='ocrx_word' id='word_1_99' title='bbox 990 2910 1020 2960; x_wconf 92' lang='lat' dir='ltr'><strong>et</strong></span> <span class='ocrx_word' id='word_1_100' title='bbox 1033 2896 1128 2960; x_wconf 87' lang='lat' dir='ltr'><strong>abeis</strong></span> <span class='ocrx_word' id='word_1_101' title='bbox 1140 2912 1211 2983; x_wconf 89' lang='lat' dir='ltr'><strong>post</strong></span> <span class='ocrx_word' id='word_1_102' title='bbox 1224 2911 1367 2985; x_wconf 90' lang='lat' dir='ltr'><strong>tempora</strong></span> 
     </span>
     <span class='ocr_line' id='line_1_16' title="bbox 418 2997 1366 3083; baseline 0.003 -21"><span class='ocrx_word' id='word_1_103' title='bbox 418 3010 526 3063; x_wconf 89' lang='lat' dir='ltr'><strong>nostra</strong></span> <span class='ocrx_word' id='word_1_104' title='bbox 534 3021 660 3063; x_wconf 90' lang='lat' dir='ltr'><strong>omnem</strong></span> <span class='ocrx_word' id='word_1_105' title='bbox 670 2998 790 3063; x_wconf 91' lang='lat' dir='ltr'><strong>auferri</strong></span> <span class='ocrx_word' id='word_1_106' title='bbox 801 2998 950 3083; x_wconf 89' lang='lat' dir='ltr'><strong>cupimus</strong></span> <span class='ocrx_word' id='word_1_107' title='bbox 961 2997 1121 3062; x_wconf 87' lang='lat' dir='ltr'><strong>materiam</strong></span> <span class='ocrx_word' id='word_1_108' title='bbox 1135 2999 1366 3066; x_wconf 83' lang='lat' dir='ltr'><strong>scandalorum.</strong></span> 
     </span>
     <span class='ocr_line' id='line_1_17' title="bbox 417 3096 1366 3184; baseline 0.001 -21"><span class='ocrx_word' id='word_1_109' title='bbox 417 3098 471 3163; x_wconf 86' lang='lat' dir='ltr'><strong>Ex</strong></span> <span class='ocrx_word' id='word_1_110' title='bbox 493 3111 603 3162; x_wconf 90' lang='lat' dir='ltr'><strong>nostra</strong></span> <span class='ocrx_word' id='word_1_111' title='bbox 623 3096 733 3184; x_wconf 89' lang='lat' dir='ltr'><strong>itaque</strong></span> <span class='ocrx_word' id='word_1_112' title='bbox 762 3097 952 3162; x_wconf 88' lang='lat' dir='ltr'><strong>conscientia</strong></span> <span class='ocrx_word' id='word_1_113' title='bbox 982 3097 1111 3162; x_wconf 90' lang='lat' dir='ltr'><strong>idoneos</strong></span> <span class='ocrx_word' id='word_1_114' title='bbox 1133 3122 1193 3184; x_wconf 94' lang='lat' dir='ltr'><strong>pro</strong></span> <span class='ocrx_word' id='word_1_115' title='bbox 1214 3098 1366 3164; x_wconf 78' lang='lat' dir='ltr'><strong>facultate</strong></span> 
     </span>
     <span class='ocr_line' id='line_1_18' title="bbox 416 3197 1367 3286; baseline 0 -23"><span class='ocrx_word' id='word_1_116' title='bbox 416 3197 563 3264; x_wconf 86' lang='lat' dir='ltr'><strong>custodes</strong></span> <span class='ocrx_word' id='word_1_117' title='bbox 578 3200 778 3285; x_wconf 84' lang='lat' dir='ltr'><strong>praefeeimus</strong></span> <span class='ocrx_word' id='word_1_118' title='bbox 792 3198 907 3274; x_wconf 91' lang='lat' dir='ltr'><strong>ordini,</strong></span> <span class='ocrx_word' id='word_1_119' title='bbox 923 3211 955 3263; x_wconf 93' lang='lat' dir='ltr'><strong>et</strong></span> <span class='ocrx_word' id='word_1_120' title='bbox 970 3221 1109 3285; x_wconf 85' lang='lat' dir='ltr'><strong>quorum</strong></span> <span class='ocrx_word' id='word_1_121' title='bbox 1125 3199 1299 3264; x_wconf 91' lang='lat' dir='ltr'><strong>ministerio</strong></span> <span class='ocrx_word' id='word_1_122' title='bbox 1309 3221 1367 3286; x_wconf 93' lang='lat' dir='ltr'><strong>per</strong></span> 
     </span>
     <span class='ocr_line' id='line_1_19' title="bbox 417 3299 1365 3389; baseline 0 -23"><span class='ocrx_word' id='word_1_123' title='bbox 417 3301 551 3387; x_wconf 88' lang='lat' dir='ltr'><strong>gratiam</strong></span> <span class='ocrx_word' id='word_1_124' title='bbox 569 3302 700 3367; x_wconf 91' lang='lat' dir='ltr'><strong>Domini</strong></span> <span class='ocrx_word' id='word_1_125' title='bbox 718 3302 786 3389; x_wconf 91' lang='lat' dir='ltr'><strong>jam</strong></span> <span class='ocrx_word' id='word_1_126' title='bbox 801 3301 891 3365; x_wconf 92' lang='lat' dir='ltr'><strong>annis</strong></span> <span class='ocrx_word' id='word_1_127' title='bbox 913 3300 1060 3387; x_wconf 92' lang='lat' dir='ltr'><strong>pluribus</strong></span> <span class='ocrx_word' id='word_1_128' title='bbox 1075 3299 1186 3386; x_wconf 85' lang='lat' dir='ltr'><strong>religio</strong></span> <span class='ocrx_word' id='word_1_129' title='bbox 1207 3303 1365 3386; x_wconf 86' lang='lat' dir='ltr'><strong>profecit:</strong></span> 
     </span>
     <span class='ocr_line' id='line_1_20' title="bbox 416 3401 1366 3488; baseline -0.001 -20"><span class='ocrx_word' id='word_1_130' title='bbox 416 3416 448 3469; x_wconf 91' lang='lat' dir='ltr'><strong>et</strong></span> <span class='ocrx_word' id='word_1_131' title='bbox 463 3404 648 3469; x_wconf 82' lang='lat' dir='ltr'><strong>extrinsecos</strong></span> <span class='ocrx_word' id='word_1_132' title='bbox 668 3401 900 3467; x_wconf 87' lang='lat' dir='ltr'><strong>administratio</strong></span> <span class='ocrx_word' id='word_1_133' title='bbox 919 3402 1123 3488; x_wconf 86' lang='lat' dir='ltr'><strong>possessionis</strong></span> <span class='ocrx_word' id='word_1_134' title='bbox 1144 3401 1237 3467; x_wconf 89' lang='lat' dir='ltr'><strong>solito</strong></span> <span class='ocrx_word' id='word_1_135' title='bbox 1258 3402 1366 3467; x_wconf 90' lang='lat' dir='ltr'><strong>lauda-</strong></span> 
     </span>
     <span class='ocr_line' id='line_1_21' title="bbox 417 3504 1364 3592; baseline -0.001 -22"><span class='ocrx_word' id='word_1_136' title='bbox 417 3506 557 3572; x_wconf 89' lang='lat' dir='ltr'><strong>dabilius</strong></span> <span class='ocrx_word' id='word_1_137' title='bbox 570 3518 740 3592; x_wconf 89' lang='lat' dir='ltr'><strong>procurata</strong></span> <span class='ocrx_word' id='word_1_138' title='bbox 757 3521 813 3571; x_wconf 86' lang='lat' dir='ltr'><strong>est.</strong></span> <span class='ocrx_word' id='word_1_139' title='bbox 845 3505 939 3584; x_wconf 83' lang='lat' dir='ltr'><strong>Quod</strong></span> <span class='ocrx_word' id='word_1_140' title='bbox 955 3529 1031 3590; x_wconf 81' lang='lat' dir='ltr'><strong>ergo</strong></span> <span class='ocrx_word' id='word_1_141' title='bbox 1053 3504 1233 3584; x_wconf 87' lang='lat' dir='ltr'><strong>statuimus,</strong></span> <span class='ocrx_word' id='word_1_142' title='bbox 1256 3518 1364 3570; x_wconf 90' lang='lat' dir='ltr'><strong>aucto-</strong></span> 
     </span>
     <span class='ocr_line' id='line_1_22' title="bbox 417 3607 1367 3696; baseline -0.001 -25"><span class='ocrx_word' id='word_1_143' title='bbox 417 3609 511 3671; x_wconf 87' lang='lat' dir='ltr'><strong>ritate</strong></span> <span class='ocrx_word' id='word_1_144' title='bbox 526 3631 591 3692; x_wconf 89' lang='lat' dir='ltr'><strong>qua</strong></span> <span class='ocrx_word' id='word_1_145' title='bbox 602 3607 765 3691; x_wconf 80' lang='lat' dir='ltr'><strong>fungimur</strong></span> <span class='ocrx_word' id='word_1_146' title='bbox 777 3631 903 3671; x_wconf 88' lang='lat' dir='ltr'><strong>manere</strong></span> <span class='ocrx_word' id='word_1_147' title='bbox 919 3608 1122 3696; x_wconf 89' lang='lat' dir='ltr'><strong>praecipimus</strong></span> <span class='ocrx_word' id='word_1_148' title='bbox 1136 3608 1367 3687; x_wconf 87' lang='lat' dir='ltr'><strong>inconvulsum,</strong></span> 
     </span>
     <span class='ocr_line' id='line_1_23' title="bbox 418 3710 1368 3795; baseline 0.002 -23"><span class='ocrx_word' id='word_1_149' title='bbox 418 3724 450 3773; x_wconf 92' lang='lat' dir='ltr'><strong>et</strong></span> <span class='ocrx_word' id='word_1_150' title='bbox 466 3710 586 3795; x_wconf 86' lang='lat' dir='ltr'><strong>priores</strong></span> <span class='ocrx_word' id='word_1_151' title='bbox 600 3710 697 3772; x_wconf 92' lang='lat' dir='ltr'><strong>amori</strong></span> <span class='ocrx_word' id='word_1_152' title='bbox 715 3711 846 3776; x_wconf 89' lang='lat' dir='ltr'><strong>utilitati</strong></span> <span class='ocrx_word' id='word_1_153' title='bbox 859 3711 1060 3775; x_wconf 86' lang='lat' dir='ltr'><strong>subditorum</strong></span> <span class='ocrx_word' id='word_1_154' title='bbox 1076 3712 1230 3788; x_wconf 87' lang='lat' dir='ltr'><strong>insistere,</strong></span> <span class='ocrx_word' id='word_1_155' title='bbox 1246 3723 1279 3775; x_wconf 84' lang='lat' dir='ltr'><strong>et</strong></span> <span class='ocrx_word' id='word_1_156' title='bbox 1294 3711 1368 3775; x_wconf 91' lang='lat' dir='ltr'><strong>sub-</strong></span> 
     </span>
     <span class='ocr_line' id='line_1_24' title="bbox 419 3807 1367 3892; baseline 0.003 -19"><span class='ocrx_word' id='word_1_157' title='bbox 419 3810 506 3874; x_wconf 91' lang='lat' dir='ltr'><strong>ditos</strong></span> <span class='ocrx_word' id='word_1_158' title='bbox 527 3808 559 3871; x_wconf 94' lang='lat' dir='ltr'><strong>in</strong></span> <span class='ocrx_word' id='word_1_159' title='bbox 581 3807 667 3872; x_wconf 92' lang='lat' dir='ltr'><strong>omni</strong></span> <span class='ocrx_word' id='word_1_160' title='bbox 689 3810 870 3876; x_wconf 87' lang='lat' dir='ltr'><strong>humilitate</strong></span> <span class='ocrx_word' id='word_1_161' title='bbox 891 3824 924 3875; x_wconf 96' lang='lat' dir='ltr'><strong>et</strong></span> <span class='ocrx_word' id='word_1_162' title='bbox 946 3814 1131 3892; x_wconf 79' lang='lat' dir='ltr'><strong>reverentia,</strong></span> <span class='ocrx_word' id='word_1_163' title='bbox 1154 3813 1219 3878; x_wconf 91' lang='lat' dir='ltr'><strong>suis</strong></span> <span class='ocrx_word' id='word_1_164' title='bbox 1240 3813 1367 3877; x_wconf 89' lang='lat' dir='ltr'><strong>obedire</strong></span> 
     </span>
     <span class='ocr_line' id='line_1_25' title="bbox 419 3910 1370 4000; baseline 0.003 -25"><span class='ocrx_word' id='word_1_165' title='bbox 419 3910 571 3997; x_wconf 77' lang='lat' dir='ltr'><strong>praelatis·</strong></span> <span class='ocrx_word' id='word_1_166' title='bbox 594 3910 773 3977; x_wconf 90' lang='lat' dir='ltr'><strong>Walterum</strong></span> <span class='ocrx_word' id='word_1_167' title='bbox 785 3935 925 4000; x_wconf 91' lang='lat' dir='ltr'><strong>quoque,</strong></span> <span class='ocrx_word' id='word_1_168' title='bbox 938 3935 1029 3995; x_wconf 89' lang='lat' dir='ltr'><strong>quem</strong></span> <span class='ocrx_word' id='word_1_169' title='bbox 1043 3915 1085 3975; x_wconf 94' lang='lat' dir='ltr'><strong>ob</strong></span> <span class='ocrx_word' id='word_1_170' title='bbox 1097 3938 1185 3978; x_wconf 89' lang='lat' dir='ltr'><strong>suam</strong></span> <span class='ocrx_word' id='word_1_171' title='bbox 1198 3938 1260 3978; x_wconf 91' lang='lat' dir='ltr'><strong>non</strong></span> <span class='ocrx_word' id='word_1_172' title='bbox 1273 3919 1370 3979; x_wconf 89' lang='lat' dir='ltr'><strong>eccle-</strong></span> 
     </span>
     <span class='ocr_line' id='line_1_26' title="bbox 420 4012 1366 4101; baseline 0 -24"><span class='ocrx_word' id='word_1_173' title='bbox 420 4012 475 4080; x_wconf 85' lang='lat' dir='ltr'><strong>siae</strong></span> <span class='ocrx_word' id='word_1_174' title='bbox 489 4012 628 4099; x_wconf 90' lang='lat' dir='ltr'><strong>culpam,</strong></span> <span class='ocrx_word' id='word_1_175' title='bbox 643 4036 662 4076; x_wconf 91' lang='lat' dir='ltr'><strong>a</strong></span> <span class='ocrx_word' id='word_1_176' title='bbox 676 4016 819 4101; x_wconf 88' lang='lat' dir='ltr'><strong>prioratu</strong></span> <span class='ocrx_word' id='word_1_177' title='bbox 835 4013 1025 4089; x_wconf 89' lang='lat' dir='ltr'><strong>amovimus,</strong></span> <span class='ocrx_word' id='word_1_178' title='bbox 1035 4014 1075 4077; x_wconf 93' lang='lat' dir='ltr'><strong>ab</strong></span> <span class='ocrx_word' id='word_1_179' title='bbox 1083 4014 1184 4078; x_wconf 89' lang='lat' dir='ltr'><strong>officio</strong></span> <span class='ocrx_word' id='word_1_180' title='bbox 1195 4016 1366 4100; x_wconf 89' lang='lat' dir='ltr'><strong>prioratus,</strong></span> 
     </span>
     <span class='ocr_line' id='line_1_27' title="bbox 418 4112 1366 4201; baseline -0.002 -22"><span class='ocrx_word' id='word_1_181' title='bbox 418 4128 450 4180; x_wconf 89' lang='lat' dir='ltr'><strong>et</strong></span> <span class='ocrx_word' id='word_1_182' title='bbox 464 4114 695 4201; x_wconf 88' lang='lat' dir='ltr'><strong>subprioratus,</strong></span> <span class='ocrx_word' id='word_1_183' title='bbox 704 4130 736 4180; x_wconf 91' lang='lat' dir='ltr'><strong>et</strong></span> <span class='ocrx_word' id='word_1_184' title='bbox 748 4114 834 4178; x_wconf 90' lang='lat' dir='ltr'><strong>omni</strong></span> <span class='ocrx_word' id='word_1_185' title='bbox 845 4113 1042 4200; x_wconf 69' lang='lat' dir='ltr'><strong>praelatione,</strong></span> <span class='ocrx_word' id='word_1_186' title='bbox 1052 4112 1183 4190; x_wconf 91' lang='lat' dir='ltr'><strong>ordinis,</strong></span> <span class='ocrx_word' id='word_1_187' title='bbox 1194 4112 1225 4175; x_wconf 90' lang='lat' dir='ltr'><strong>in</strong></span> <span class='ocrx_word' id='word_1_188' title='bbox 1237 4113 1366 4177; x_wconf 89' lang='lat' dir='ltr'><strong>ecclesia</strong></span> 
     </span>
     <span class='ocr_line' id='line_1_28' title="bbox 418 4214 1367 4303; baseline -0.005 -19"><span class='ocrx_word' id='word_1_189' title='bbox 418 4217 638 4284; x_wconf 76' lang='lat' dir='ltr'><strong>cantuariensi</strong></span> <span class='ocrx_word' id='word_1_190' title='bbox 654 4217 686 4278; x_wconf 94' lang='lat' dir='ltr'><strong>in</strong></span> <span class='ocrx_word' id='word_1_191' title='bbox 701 4229 893 4303; x_wconf 89' lang='lat' dir='ltr'><strong>perpetuum</strong></span> <span class='ocrx_word' id='word_1_192' title='bbox 910 4214 1144 4292; x_wconf 83' lang='lat' dir='ltr'><strong>submovemus,</strong></span> <span class='ocrx_word' id='word_1_193' title='bbox 1165 4215 1367 4297; x_wconf 85' lang='lat' dir='ltr'><strong>indulgentes</strong></span> 
     </span>
     <span class='ocr_line' id='line_1_29' title="bbox 417 4316 1367 4402; baseline 0 -19"><span class='ocrx_word' id='word_1_194' title='bbox 417 4333 522 4384; x_wconf 87' lang='lat' dir='ltr'><strong>tamen</strong></span> <span class='ocrx_word' id='word_1_195' title='bbox 545 4317 585 4395; x_wconf 86' lang='lat' dir='ltr'><strong>ei,</strong></span> <span class='ocrx_word' id='word_1_196' title='bbox 608 4317 633 4381; x_wconf 90' lang='lat' dir='ltr'><strong>si</strong></span> <span class='ocrx_word' id='word_1_197' title='bbox 657 4318 804 4402; x_wconf 80' lang='lat' dir='ltr'><strong>pacificus</strong></span> <span class='ocrx_word' id='word_1_198' title='bbox 826 4318 934 4394; x_wconf 88' lang='lat' dir='ltr'><strong>fuerit,</strong></span> <span class='ocrx_word' id='word_1_199' title='bbox 950 4316 1143 4381; x_wconf 88' lang='lat' dir='ltr'><strong>consortium</strong></span> <span class='ocrx_word' id='word_1_200' title='bbox 1165 4318 1312 4398; x_wconf 86' lang='lat' dir='ltr'><strong>fratrum,</strong></span> <span class='ocrx_word' id='word_1_201' title='bbox 1334 4330 1367 4383; x_wconf 90' lang='lat' dir='ltr'><strong>et</strong></span> 
     </span>
     <span class='ocr_line' id='line_1_30' title="bbox 417 4419 1368 4486; baseline -0.003 0"><span class='ocrx_word' id='word_1_202' title='bbox 417 4421 683 4486; x_wconf 89' lang='lat' dir='ltr'><strong>cohabitationem</strong></span> <span class='ocrx_word' id='word_1_203' title='bbox 704 4420 941 4486; x_wconf 75' lang='lat' dir='ltr'><strong>cantuariensis</strong></span> <span class='ocrx_word' id='word_1_204' title='bbox 956 4419 1113 4484; x_wconf 76' lang='lat' dir='ltr'><strong>ecclesias:</strong></span> <span class='ocrx_word' id='word_1_205' title='bbox 1137 4431 1168 4484; x_wconf 90' lang='lat' dir='ltr'><strong>et</strong></span> <span class='ocrx_word' id='word_1_206' title='bbox 1184 4419 1209 4484; x_wconf 88' lang='lat' dir='ltr'><strong>si</strong></span> <span class='ocrx_word' id='word_1_207' title='bbox 1225 4419 1368 4483; x_wconf 86' lang='lat' dir='ltr'><strong>laudabi-</strong></span> 
     </span>
     <span class='ocr_line' id='line_1_31' title="bbox 417 4520 1367 4606; baseline -0.002 -21"><span class='ocrx_word' id='word_1_208' title='bbox 417 4520 490 4585; x_wconf 89' lang='lat' dir='ltr'><strong>liter</strong></span> <span class='ocrx_word' id='word_1_209' title='bbox 512 4544 545 4585; x_wconf 87' lang='lat' dir='ltr'><strong>se</strong></span> <span class='ocrx_word' id='word_1_210' title='bbox 567 4522 713 4606; x_wconf 88' lang='lat' dir='ltr'><strong>privatus</strong></span> <span class='ocrx_word' id='word_1_211' title='bbox 734 4522 896 4599; x_wconf 89' lang='lat' dir='ltr'><strong>babuerit,</strong></span> <span class='ocrx_word' id='word_1_212' title='bbox 912 4543 984 4584; x_wconf 90' lang='lat' dir='ltr'><strong>eum</strong></span> <span class='ocrx_word' id='word_1_213' title='bbox 1008 4520 1049 4583; x_wconf 89' lang='lat' dir='ltr'><strong>ad</strong></span> <span class='ocrx_word' id='word_1_214' title='bbox 1071 4520 1149 4583; x_wconf 88' lang='lat' dir='ltr'><strong>alias</strong></span> <span class='ocrx_word' id='word_1_215' title='bbox 1169 4520 1367 4585; x_wconf 87' lang='lat' dir='ltr'><strong>obedientias</strong></span> 
     </span>
     <span class='ocr_line' id='line_1_32' title="bbox 418 4620 1367 4706; baseline 0 -21"><span class='ocrx_word' id='word_1_216' title='bbox 418 4620 556 4685; x_wconf 86' lang='lat' dir='ltr'><strong>ecclesiae</strong></span> <span class='ocrx_word' id='word_1_217' title='bbox 569 4637 696 4700; x_wconf 83' lang='lat' dir='ltr'><strong>nostrae,</strong></span> <span class='ocrx_word' id='word_1_218' title='bbox 709 4624 758 4685; x_wconf 89' lang='lat' dir='ltr'><strong>vel</strong></span> <span class='ocrx_word' id='word_1_219' title='bbox 771 4623 810 4685; x_wconf 92' lang='lat' dir='ltr'><strong>ad</strong></span> <span class='ocrx_word' id='word_1_220' title='bbox 822 4624 952 4687; x_wconf 88' lang='lat' dir='ltr'><strong>alterius</strong></span> <span class='ocrx_word' id='word_1_221' title='bbox 961 4621 1099 4685; x_wconf 87' lang='lat' dir='ltr'><strong>ecclesiae</strong></span> <span class='ocrx_word' id='word_1_222' title='bbox 1112 4623 1250 4706; x_wconf 89' lang='lat' dir='ltr'><strong>regimen</strong></span> <span class='ocrx_word' id='word_1_223' title='bbox 1261 4645 1367 4685; x_wconf 89' lang='lat' dir='ltr'><strong>ascen-</strong></span> 
     </span>
     <span class='ocr_line' id='line_1_33' title="bbox 418 4722 1365 4809; baseline 0 -22"><span class='ocrx_word' id='word_1_224' title='bbox 418 4722 493 4787; x_wconf 90' lang='lat' dir='ltr'><strong>dere</strong></span> <span class='ocrx_word' id='word_1_225' title='bbox 505 4745 567 4786; x_wconf 93' lang='lat' dir='ltr'><strong>non</strong></span> <span class='ocrx_word' id='word_1_226' title='bbox 578 4736 733 4804; x_wconf 84' lang='lat' dir='ltr'><strong>vetamus,</strong></span> <span class='ocrx_word' id='word_1_227' title='bbox 743 4725 819 4787; x_wconf 91' lang='lat' dir='ltr'><strong>dum</strong></span> <span class='ocrx_word' id='word_1_228' title='bbox 833 4724 872 4787; x_wconf 93' lang='lat' dir='ltr'><strong>ad</strong></span> <span class='ocrx_word' id='word_1_229' title='bbox 889 4724 1063 4809; x_wconf 90' lang='lat' dir='ltr'><strong>prioratum</strong></span> <span class='ocrx_word' id='word_1_230' title='bbox 1075 4737 1106 4787; x_wconf 89' lang='lat' dir='ltr'><strong>et</strong></span> <span class='ocrx_word' id='word_1_231' title='bbox 1119 4724 1365 4809; x_wconf 87' lang='lat' dir='ltr'><strong>subprioratum,</strong></span> 
     </span>
     <span class='ocr_line' id='line_1_34' title="bbox 420 4824 1365 4911; baseline -0.002 -23"><span class='ocrx_word' id='word_1_232' title='bbox 420 4838 451 4889; x_wconf 87' lang='lat' dir='ltr'><strong>et</strong></span> <span class='ocrx_word' id='word_1_233' title='bbox 461 4824 825 4890; x_wconf 83' lang='lat' dir='ltr'><strong>eaeterasclavesordinis</strong></span> <span class='ocrx_word' id='word_1_234' title='bbox 837 4825 1021 4890; x_wconf 86' lang='lat' dir='ltr'><strong>interdictas</strong></span> <span class='ocrx_word' id='word_1_235' title='bbox 1032 4848 1232 4911; x_wconf 89' lang='lat' dir='ltr'><strong>nequaquam</strong></span> <span class='ocrx_word' id='word_1_236' title='bbox 1239 4825 1365 4910; x_wconf 88' lang='lat' dir='ltr'><strong>aspiret.</strong></span> 
     </span>
    </p>
   </div>
   <div class='ocr_carea' id='block_1_5' title="bbox 0 0 1661 6434">
    <p class='ocr_par' dir='ltr' id='par_1_5' title="bbox 0 0 1661 6434">
     <span class='ocr_line' id='line_1_35' title="bbox 0 0 1661 6434; baseline 0 0"><span class='ocrx_word' id='word_1_237' title='bbox 0 0 1661 6434; x_wconf 95' lang='lat' dir='ltr'><strong> </strong></span> 
     </span>
    </p>
   </div>
  </div>
 </body>
</html>
