3300 6434
404 1249 468 1306 304
669 1257 804 1302 ioannis
820 1256 1099 1302 saansaasransrs
1269 1241 1323 1315 [a.
1341 1258 1374 1302 n.

407 1411 524 1488 durior,
538 1421 574 1474 ut
593 1432 657 1473 non
679 1411 877 1473 erubescant·
891 1408 1098 1486 confidenter,
1114 1422 1148 1473 ut
1163 1411 1269 1487 aiunt,
1286 1431 1375 1493 prae·

408 1511 514 1576 dicare
529 1512 747 1575 innocentiam
763 1509 913 1587 hominis,
924 1510 1016 1595 cujus
1027 1510 1180 1573 malitiam
1195 1521 1227 1574 et
1243 1511 1373 1595 iniqui·

406 1623 487 1676 tates
502 1614 602 1690 norit,
617 1611 771 1696 praedicat
785 1622 818 1674 et
834 1610 1009 1673 detestatur
1030 1611 1233 1675 Christianus
1249 1610 1371 1674 orbis?

405 1714 633 1779 Convenerunt
654 1735 737 1790 eum,
760 1724 796 1776 ut
817 1713 943 1789 dicitnr,
965 1714 1123 1798 Episcopi
1152 1714 1306 1777 London.
1333 1727 1371 1777 et

406 1817 573 1880 Heresord.
596 1816 714 1899 quibus
738 1837 783 1889 se,
805 1825 842 1876 ut
866 1816 967 1891 aiunt,
986 1815 1027 1877 ad
1051 1836 1178 1879 omnem
1197 1816 1366 1898 justitiam

405 1917 530 1980 obtulit.
576 1919 693 1981 Nonne
710 1917 881 1999 episcopus
902 1915 1005 1979 Lond.
1022 1917 1077 1979 ille
1092 1928 1153 1993 est,
1167 1918 1221 2001 qui
1238 1917 1369 2001 primus

404 2018 439 2081 in
454 2019 573 2100 Anglia
583 2017 680 2081 scidit
691 2019 836 2081 ecclesiae
851 2018 1017 2093 unitatem,
1028 2017 1117 2101 quod
1133 2039 1248 2081 omues
1261 2040 1366 2082 nove·

403 2130 488 2196 runt,
501 2133 534 2184 et
555 2118 868 2202 archiepiscopandi,
883 2117 971 2202 quod
993 2120 1121 2202 plurimi
1143 2120 1365 2203 suspicantur,

404 2220 579 2283 ambitione
601 2231 734 2293 tractus,
749 2221 848 2282 totius
870 2219 964 2302 hujus
986 2219 1155 2284 discordioe
1178 2221 1282 2282 fomes
1298 2220 1361 2282 im-

406 2322 517 2405 primis
531 2322 650 2397 extitit,
666 2331 698 2384 ct
718 2320 891 2384 incentor?
929 2322 1048 2384 Nonne
1070 2322 1172 2403 stylus
1189 2322 1262 2404 ipse
1282 2341 1365 2384 con·

405 2423 506 2487 vincit
529 2423 721 2506 Achitophel
744 2434 776 2486 ct
798 2422 926 2500 Docch,
950 2443 1084 2505 quorum
1108 2423 1223 2506 spiritu
1245 2424 1365 2505 plenus

407 2535 464 2599 est,
494 2526 527 2587 in
558 2527 617 2588 hac
650 2525 784 2607 epistola
807 2525 1016 2607 expressisse,
1041 2524 1287 2588 communicatis
1314 2525 1364 2587 his

407 2646 479 2707 quae
495 2624 613 2704 fingere
628 2625 736 2706 potuit
758 2646 798 2687 ex
823 2625 936 2708 spiritu
952 2646 1022 2701 suo,
1037 2626 1091 2708 qui
1113 2632 1227 2687 neutro
1249 2646 1361 2687 eorum

404 2726 438 2786 in
464 2721 594 2800 talibus,
616 2744 720 2786 rerum
745 2725 944 2805 experientia
968 2726 1194 2809 comprobatur
1219 2725 1360 2789 inferior.

406 2827 490 2888 Nam
506 2835 539 2887 et
559 2826 686 2907 loquela
708 2823 777 2906 ejus
799 2825 903 2907 ipsum
928 2827 1130 2889 manifestum
1151 2826 1239 2898 facit
1287 2828 1360 2891 Nec

403 2945 481 2987 curo
492 2922 532 2987 de
543 2923 717 2986 mendaciis
728 2945 798 3007 quae
808 2945 905 3005 super
916 2925 1045 2989 introitu
1055 2938 1158 2989 vestro
1169 2926 1359 2990 interserere

403 3046 500 3089 ausus
522 3036 579 3097 est,
604 3025 679 3108 quia
706 3046 844 3107 praeseus
866 3026 982 3102 audivi,
1006 3039 1038 3090 et
1059 3026 1133 3088 vidi.
1181 3026 1277 3090 Solus
1303 3027 1360 3091 illa

403 3127 533 3190 verbum
549 3127 713 3189 electionis
727 3138 838 3189 vestrae
854 3142 976 3206 gratum
991 3148 1056 3190 non
1074 3127 1196 3203 habuit,
1212 3128 1269 3211 qui
1292 3149 1361 3211 prae

403 3229 526 3290 caeteris
538 3227 697 3303 omnibus,
708 3226 792 3310 quod
809 3247 851 3289 ex
868 3227 975 3290 multis
990 3228 1146 3290 clamitet
1160 3230 1259 3290 claret
1274 3227 1363 3291 indi·

403 3327 474 3405 ciis,
489 3328 570 3389 utin
587 3325 693 3389 sedem
710 3338 845 3389 vestram
867 3326 1070 3391 induceretur
1092 3328 1261 3411 aspiravit:
1293 3341 1361 3391 non

403 3441 506 3492 tamen
530 3428 586 3491 din
600 3429 731 3511 obloqui
748 3449 843 3489 ausus
865 3438 924 3505 est,
939 3428 1010 3491 aliis
1031 3429 1235 3510 arguentibus
1257 3431 1363 3493 ambi·

295 3558 300 3569 ·
402 3530 523 3594 tionem
539 3540 572 3592 et
585 3528 817 3612 impudentiam
834 3528 913 3611 ejus.
956 3528 1119 3612 Quicquid
1134 3549 1210 3610 ergo
1224 3529 1363 3594 haberet

402 3630 512 3705 animi,
539 3651 632 3713 quem
663 3629 702 3690 de
729 3629 926 3721 conscientia
949 3628 1077 3711 judicat
1106 3628 1277 3707 Dominus,
1302 3631 1357 3693 in·

401 3732 513 3812 primis
525 3731 710 3810 eligentium
725 3730 795 3807 fuit,
807 3741 839 3792 ot
854 3730 1002 3793 electioni
1018 3731 1110 3792 sactae
1127 3731 1190 3793 sere
1205 3732 1360 3796 omnibus

401 3832 475 3910 plus
497 3832 666 3910 applausit.
712 3831 798 3903 Quid
822 3831 928 3894 dicam
956 3831 996 3894 de
1025 3828 1266 3894 Herefordiensi
1292 3834 1359 3896 nisi

402 3929 488 4013 quod
503 3929 698 4013 aliquandiu,
712 3932 770 3993 etsi
786 3953 851 3993 non
865 3932 982 4011 magni,
996 3933 1083 3994 stetit
1098 3945 1204 3994 tamen
1216 3933 1357 4018 alicujus

402 4031 539 4095 nominis
554 4032 675 4107 umbra,
690 4044 860 4113 antequam
884 4034 1017 4096 sciretur
1039 4034 1112 4116 quis
1133 4046 1235 4096 esset:
1267 4055 1358 4101 nunc

401 4145 506 4198 autem
523 4134 582 4194 sub
598 4134 733 4196 obtentu
749 4133 828 4215 ejuS,
845 4134 899 4216 qui
916 4120 1074 4197 litteratus
1094 4134 1232 4197 creditur
1246 4137 1287 4198 ab
1306 4137 1360 4200 his

401 4236 455 4319 qui
477 4236 598 4297 litteras
620 4236 777 4314 ignorant,
800 4249 854 4297 aut
875 4236 993 4316 ipsum,
1014 4257 1104 4297 suam
1128 4238 1238 4300 volunt
1259 4238 1355 4322 impii

401 4338 552 4401 malitiam
569 4358 748 4418 procurare,
765 4350 800 4398 ut
815 4337 959 4399 rideatur
974 4351 1221 4401 consentaneum
1238 4340 1356 4403 rationi

400 4436 556 4521 quicquid
586 4437 752 4512 litteratus,
782 4448 813 4498 ct
850 4438 998 4518 antiquus
1028 4435 1151 4499 dierum
1181 4439 1357 4523 episcopus

399 4538 629 4622 approbaverit.
685 4537 772 4617 Ergo
802 4536 872 4598 istis
905 4534 1032 4599 duobus
1070 4538 1273 4621 respondere,
1306 4543 1356 4603 vel

400 4639 568 4701 sententiae
584 4659 689 4700 eorum
706 4638 920 4721 acquiescere,
936 4649 984 4699 est
1006 4639 1138 4700 transire
1161 4639 1294 4701 omnino
1319 4641 1354 4702 in

400 4741 589 4803 sententiam
614 4740 859 4815 Londonionsis,
874 4761 911 4801 ac
937 4740 962 4800 si
985 4740 1017 4802 in
1035 4740 1195 4803 Caesarem
1219 4760 1356 4825 compu-

399 4852 516 4902 taretur
531 4854 562 4903 et
579 4840 736 4904 Bibulum.
784 4842 893 4904 Ethici
910 4841 935 4903 si
951 4840 1081 4924 quidem
1092 4840 1302 4919 meministis,
