3300 6434
453 1212 512 1269 100
712 1222 849 1266 Joauurs
866 1221 1145 1265 saussasrususrs
1307 1206 1354 1279 [Α.
1371 1224 1402 1267 n.

450 1373 588 1437 Domino
603 1396 706 1460 spero,
723 1371 796 1434 licet
811 1371 871 1435 hoc
886 1393 1006 1434 moram
1022 1370 1149 1446 babeat,
1160 1371 1238 1455 quia
1253 1394 1398 1457 compre-

448 1473 606 1539 hendetur
620 1473 652 1538 in
668 1471 818 1560 operibus
833 1492 984 1535 manuum
999 1493 1141 1535 suarum.
1170 1472 1278 1535 Fratri
1293 1485 1401 1537 autem

447 1575 601 1662 quicum
624 1599 661 1640 eo
684 1586 824 1648 venerat,
850 1586 984 1636 eventus
1013 1572 1132 1656 negotii
1157 1573 1311 1658 imputari
1336 1598 1399 1638 non

446 1675 554 1755 debet,
576 1680 728 1763 quoniam
751 1696 792 1737 ex
814 1673 1074 1757 contingentibus
1096 1673 1177 1736 nihil
1200 1674 1318 1751 omisit,
1344 1679 1400 1740 sed

448 1780 524 1842 satis
538 1778 707 1863 vigilanter
728 1776 855 1852 institit,
871 1773 970 1837 donec
990 1774 1030 1853 ei,
1045 1788 1176 1860 accepta
1194 1776 1400 1859 corporaliter

448 1879 572 1943 comitis
600 1877 812 1965 responsione,
839 1887 997 1940 constaret
1024 1896 1057 1938 se
1083 1876 1204 1941 frustra
1233 1876 1400 1943 laborasse.

449 1980 523 2044 Hoc
542 1980 625 2043 enim
648 2002 668 2043 a
689 1979 771 2043 festo
791 1977 876 2041 beati
898 1977 1039 2060 Remigii
1059 1998 1246 2061 responsum
1269 1981 1399 2065 accepit.

449 2081 677 2158 Exinde‚sicut
688 2078 777 2144 vobis
788 2077 949 2163 scripsisse
960 2099 1010 2140 me
1021 2077 1399 2164 memini,aliquantulam

440 2204 567 2247 moram
578 2182 664 2257 fecit,
672 2193 709 2244 ut
717 2178 845 2257 amicos,
855 2198 935 2263 quos
943 2177 1085 2241 nondum
1097 2178 1398 2255 viderat,visitaret:

448 2282 542 2347 rediit
558 2281 696 2347 tandem.
736 2281 769 2343 Si
789 2278 964 2365 patrocinio
979 2278 1102 2364 indiget
1118 2281 1230 2356 alieno,
1246 2298 1278 2346 et
1294 2305 1400 2346 meum

438 2382 525 2467 *quid
541 2393 657 2468 potest,
672 2402 781 2465 quaeso
796 2391 833 2442 ut
850 2401 924 2442 eum
946 2392 1078 2465 paterno
1095 2382 1255 2467 recipiatis
1269 2383 1397 2458 affectu,

449 2480 1400 2567 eteatractetismansuetudine‚quammoribusejnsnovistis

448 2584 606 2671 expedire.
645 2586 698 2647 An
715 2583 788 2669 plus
803 2605 894 2645 orare
909 2582 1013 2659 liceat,
1025 2596 1082 2648 aut
1097 2583 1259 2669 expediat,
1272 2585 1399 2671 plenius

447 2684 555 2751 nostis.
602 2685 674 2748 Scio
694 2684 805 2769 utique
828 2684 905 2768 quia
928 2683 985 2768 qui
1009 2706 1065 2747 vos
1087 2682 1276 2748 familiarius
1299 2685 1398 2761 norit,

448 2807 513 2849 rem
529 2786 706 2872 improbam
721 2797 777 2848 aut
793 2797 901 2870 petere
916 2805 977 2846 non
998 2782 1108 2860 audet,
1124 2796 1180 2848 aut
1195 2784 1399 2870 impudenter

447 2889 538 2972 petit.
593 2889 666 2951 Hoc
691 2887 801 2970 itaque
828 2884 918 2948 vobis
943 2885 1100 2949 ascribere
1129 2885 1255 2951 fidelius
1285 2888 1399 2963 ausim,

448 3011 546 3075 quam
578 2989 688 3054 Portio
718 2990 834 3054 Catoni
863 2986 1011 3052 familiari
1041 3010 1101 3052 suo
1130 2989 1244 3054 Cicero
1273 2990 1396 3075 pridem

448 3089 636 3175 ascripserit.
661 3089 761 3153 Mitto
771 3088 986 3152 vobismunus
996 3089 1150 3173 exiguum
1161 3113 1199 3153 eo
1209 3090 1399 3170 fiducialius,

448 3190 537 3275 quod
551 3191 592 3255 ab
607 3189 740 3274 antiquo
751 3188 847 3253 didici
860 3212 916 3252 vos
930 3190 963 3253 in
979 3189 1096 3254 talibus
1112 3211 1173 3253 non
1190 3202 1254 3253 tam
1268 3214 1399 3276 pensare

448 3293 586 3378 pretium
613 3290 752 3355 muneris
777 3313 874 3377 quam
901 3291 1057 3355 mittentis
1081 3291 1241 3355 affectum.
1288 3292 1399 3357 Minus

448 3405 552 3457 tamen
568 3406 615 3458 est
631 3395 814 3478 acceptione
829 3392 975 3476 dignum,
991 3392 1017 3455 si
1033 3403 1227 3456 tamencum
1243 3393 1399 3458 mittentis

447 3499 562 3560 affectu
585 3494 773 3579 significatio
793 3494 934 3558 muneris
953 3492 1147 3558 attendatur.
1193 3496 1267 3557 Hoc
1288 3496 1399 3580 utique

448 3618 505 3659 vas
534 3597 682 3660 salarium
713 3608 763 3659 est
792 3607 980 3679 argenteum
1012 3617 1121 3660 aureas
1149 3593 1269 3658 habens
1298 3607 1399 3657 notas.

450 3699 550 3761 Recte
570 3696 712 3781 quidem,
737 3695 884 3781 eoquod
911 3696 996 3761 illius
1019 3696 1094 3760 salis
1119 3694 1244 3759 habetis
1265 3694 1399 3779 copiam,

449 3793 538 3877 quod
567 3815 606 3856 ex
634 3808 794 3878 praecepto
819 3794 900 3876 legis
926 3793 1150 3857 sacrificiorum
1181 3804 1229 3856 est
1258 3792 1401 3856 omnium

448 3893 696 3957 condimentum.
721 3894 783 3957 Sed
795 3906 827 3958 et
839 3893 919 3959 illud
932 3893 1070 3956 Domino
1085 3893 1207 3957 offertis
1221 3893 1400 3956 examinato

448 3994 565 4080 eloquii
587 3994 667 4058 casti
686 4007 830 4079 argento,
845 4006 875 4057 et
899 4014 1004 4056 aureae
1020 3993 1175 4056 virtutum
1200 3993 1353 4076 imagines
1367 3994 1400 4056 in

448 4095 577 4182 speculo
600 4094 688 4160 verbi
707 4111 739 4159 et
759 4096 864 4181 operis
887 4092 1031 4157 renident
1053 4092 1262 4167 intuentibus,
1284 4115 1402 4177 eosque

448 4211 632 4281 provocant,
648 4208 683 4260 ut
697 4196 875 4260 imitatione
891 4194 1049 4258 virtutum
1070 4192 1192 4277 possint
1207 4214 1274 4255 esse
1290 4214 1401 4276 specu-

410 4313 416 4323 ·
448 4298 515 4362 lum
540 4296 685 4361 aliorum.
741 4296 805 4361 Sed
831 4310 862 4359 et
889 4294 958 4381 ipsa
982 4293 1163 4358 rotunditas
1189 4293 1301 4358 t'ormae
1329 4316 1402 4357 con·
1481 4339 1484 4344 -

447 4400 536 4483 gruit
552 4395 737 4481 perfectioni
753 4409 877 4459 vestrae.
902 4396 1011 4459 Nostis
1027 4406 1131 4459 autem
1149 4395 1226 4481 quia
1242 4417 1401 4458 sacrarum

447 4517 554 4560 rerum
584 4494 675 4576 signa
698 4491 890 4556 venerabilia
917 4503 991 4554 sunt
1018 4505 1050 4556 et
1075 4492 1106 4554 in
1133 4492 1266 4556 materia
1289 4490 1401 4556 viliori.

449 4598 523 4680 Ego
542 4609 649 4658 eutem
672 4595 809 4658 arbitror
831 4592 918 4676 quod
941 4607 973 4655 et
996 4592 1022 4654 si
1045 4615 1160 4657 munus
1175 4591 1338 4656 vilesceret
1359 4593 1400 4655 ab

448 4696 655 4760 aestimatione
665 4695 726 4773 sui,
735 4693 935 4757 convalescet
946 4705 1050 4756 tamen
1062 4693 1166 4778 gratia
1175 4694 1256 4778 ejus,
1269 4694 1402 4779 eoquod

437 4820 549 4886 'meam
565 4796 726 4859 caritatem
743 4808 774 4859 et
791 4807 927 4857 vestram
944 4815 1015 4856 cum
1038 4794 1194 4879 sapientia
1210 4794 1400 4877 significant,
