3300 6434
463 1175 527 1234 282
726 1184 863 1229 ruamus
877 1178 1154 1226 saunsmrnreusrs
1321 1158 1365 1241 [Δ.
1382 1178 1416 1222 n.

469 1441 688 1505 EPISTOLA
712 1439 968 1502 extuli-m
983 1453 1181 1500 usorsrnun
1199 1449 1416 1496 uaruuunuu.

828 1538 873 1618 [A.
889 1558 922 1602 o.
942 1539 1048 1617 troc]

756 1691 918 1772 Illupistro
934 1691 1128 1753 Ruimuudo

510 1827 638 1889 Ruuou
674 1824 899 1886 acerbissimus
931 1824 1136 1900 exulceravit,
1165 1835 1198 1885 et
1234 1824 1417 1904 gravissime

468 1928 581 2010 affligit
603 1926 743 1989 animam
769 1947 885 2000 meam,
912 1946 971 1988 nec
1003 1926 1062 1988 erit
1085 1925 1211 2008 requies
1236 1925 1341 1989 donec
1365 1948 1416 1989 me

466 2030 578 2093 litteris
589 2028 710 2104 vestris,
722 2048 819 2110 super
835 2027 884 2089 bis
899 2048 972 2110 quae
987 2026 1126 2088 maxime
1141 2026 1238 2089 timeo
1253 2027 1416 2091 certiorari

468 2131 644 2211 contingat.
691 2129 894 2212 Scripseruut
911 2128 995 2190 enim
1013 2128 1091 2190 mihi
1112 2128 1190 2191 socii
1212 2127 1419 2205 Parisienses,

469 2231 554 2315 quod
579 2231 627 2294 illi
647 2229 702 2313 qui
724 2240 871 2313 quaeruut
893 2229 1031 2292 animam
1052 2227 1174 2292 domiui
1197 2226 1419 2307 Pictaviensis,

470 2336 577 2397 nescio
604 2354 737 2417 quorum
765 2344 892 2397 utentes
916 2333 1090 2396 ministerio
1114 2343 1146 2396 et
1175 2343 1241 2396 arte
1267 2333 1361 2397 inerti
1386 2343 1419 2397 et

470 2436 602 2497 omnino
613 2433 844 2511 execranda,ei
856 2456 1014 2497 venenum
1024 2435 1284 2519 propinaverunt:
1301 2457 1343 2499 ex
1355 2458 1419 2520 quo

465 2537 534 2619 jam
548 2534 679 2617 quidam
691 2535 860 2615 religiosus
871 2535 973 2611 Prior,
985 2536 1039 2619 qui
1056 2537 1166 2600 calicis
1178 2537 1311 2600 toxicati
1322 2537 1424 2601 fuerat

470 2636 640 2720 particeps,
666 2635 747 2698 obiit
776 2649 808 2698 et
838 2636 1019 2720 episcopus,
1049 2649 1084 2700 ut
1112 2639 1212 2716 aiunt,
1239 2637 1356 2701 incidit
1385 2639 1420 2701 in

469 2739 663 2817 languorem.
708 2735 815 2798 Timui
838 2757 922 2817 ergo,
939 2747 971 2799 ct
985 2737 1083 2800 timeo
1106 2759 1202 2822 supra
1223 2737 1364 2817 modum,
1378 2760 1438 2802 eo.

471 2840 558 2925 qnod
585 2839 690 2904 audivi
716 2840 927 2923 quorumdam
957 2840 1120 2919 invidiam,
1149 2854 1182 2905 et
1211 2843 1347 2926 aliquem
1378 2840 1420 2906 de

472 2943 633 3026 episcopis
654 2942 910 3006 Pictaviensibus
935 2963 1038 3025 nuper
1061 2963 1187 3006 veneno
1209 2955 1420 3029 peremptum.

472 3048 522 3109 An
545 3045 631 3107 fama
652 3044 722 3107 hacc
746 3043 883 3106 fideliter
897 3055 1017 3107 asserat
1039 3045 1193 3107 incertum
1216 3056 1274 3125 est,
1289 3047 1423 3110 aliorum

472 3166 546 3208 vero
569 3156 656 3208 tanta
679 3144 851 3207 crudelitas
873 3155 932 3221 est,
955 3157 990 3207 ut
1012 3167 1072 3209 nec
1097 3146 1221 3210 viciuos
1242 3150 1340 3211 lateat
1361 3169 1423 3212 nec

474 3257 622 3311 remotos.
667 3245 803 3310 Cunctis
824 3258 930 3309 autem
952 3249 1093 3312 innotuit
1115 3270 1209 3333 quam
1233 3272 1377 3335 praeceps
1392 3263 1425 3315 et

474 3348 580 3415 audax
603 3349 654 3427 sit,
674 3359 706 3411 et
728 3348 839 3430 ignara
861 3349 982 3411 timoris
1002 3351 1143 3428 Domini,
1167 3373 1256 3416 caeca
1280 3350 1424 3432 ambitio,

474 3462 510 3515 ut
534 3463 638 3515 metus
662 3471 757 3533 quam
784 3449 914 3513 fiduciae
940 3471 1044 3515 cuusae
1066 3453 1210 3536 plurimae
1236 3477 1425 3520 concurrere

475 3549 651 3613 videantur.
698 3550 814 3613 Precor
834 3550 953 3632 itaque,
967 3560 1003 3612 ut
1023 3552 1082 3614 sub
1105 3555 1193 3616 omni
1208 3556 1422 3633 festinatione,

477 3672 547 3732 quae
578 3650 664 3713 circa
690 3672 745 3713 vos
771 3661 857 3727 suut,
883 3651 1127 3731 diligentissime
1156 3658 1367 3740 perscribatis,
1393 3669 1426 3722 et

477 3747 608 3811 domino
644 3750 808 3833 episcopo,
839 3753 864 3814 si
903 3752 1100 3834 egritudine,
1131 3780 1202 3841 quae
1235 3760 1330 3838 absit,
1359 3781 1426 3822 uon

476 3848 682 3934 praepeditur,
711 3851 940 3932 persuadeatis,
970 3867 1005 3918 ut
1034 3866 1066 3919 et
1095 3857 1165 3939 ipse
1194 3860 1324 3933 scribat,
1355 3883 1428 3943 quae

477 3951 594 4014 suerint
620 3950 790 4014 scribenda
815 3973 873 4034 pro
897 3963 1049 4039 tempore.
1100 3957 1234 4021 Fueram
1260 3971 1429 4039 rogaturus

479 4066 513 4116 ut
533 4053 602 4135 ipsc
626 4064 658 4115 et
678 4073 734 4115 vos
757 4053 939 4116 scriberetis
962 4055 1002 4119 de
1022 4056 1162 4141 hisquae
1186 4069 1276 4139 gesta
1295 4071 1369 4123 sunt
1391 4063 1425 4125 in

478 4157 640 4240 colloquio
656 4156 867 4231 Cbinonensi,
883 4169 914 4221 et
934 4170 1058 4240 postea,
1072 4182 1130 4245 pro
1150 4162 1255 4238 nobis,
1270 4175 1303 4227 ct
1318 4177 1431 4230 contra

479 4279 550 4333 nos,
570 4271 602 4320 ct
623 4257 702 4340 quid
722 4257 863 4321 videatur
883 4260 973 4322 vobis
996 4260 1035 4325 do
1058 4264 1132 4342 boc,
1152 4266 1238 4348 quod
1259 4268 1433 4330 metaliter

480 4359 669 4436 absentavit,
694 4370 728 4420 ut
754 4379 812 4420 uec
840 4382 951 4442 pacem
980 4365 1152 4446 receperim
1176 4387 1250 4429 cum
1272 4368 1342 4431 aliis
1368 4371 1430 4433 sub

474 4463 656 4543 juramento
678 4472 709 4521 et
730 4457 971 4524 conditionibus
993 4465 1119 4543 oblatis,
1136 4468 1212 4549 quia
1226 4481 1346 4532 extunc
1362 4491 1428 4534 uon

481 4561 543 4624 vidi
566 4562 684 4623 litteras
700 4572 835 4624 vestras:
860 4561 918 4626 sed
934 4584 1029 4627 causa
1050 4566 1162 4649 major,
1178 4591 1249 4652 quae
1272 4593 1322 4632 rue
1342 4594 1428 4636 nuuc

482 4662 637 4744 compulit
666 4662 705 4725 ad
736 4663 951 4740 scribendum,
982 4687 1093 4730 omues
1127 4668 1308 4751 hujusmodi
1339 4693 1431 4736 curas

481 4762 652 4838 absorbuit,
668 4762 695 4823 si
712 4772 829 4839 tamen,
846 4766 932 4844 quod
955 4767 1074 4831 utinam
1098 4769 1259 4834 Domiuus
1274 4773 1434 4852 largiatur,
