3300 6434
365 1270 540 1346 troo-84
745 1290 924 1336 nrrsrossr.

532 1540 753 1604 EPISTOLA
776 1538 963 1603 XIX-sn
978 1559 1131 1603 ananau.

704 1697 852 1761 Adriano
867 1697 979 1780 Papa.

401 1837 513 1900 cluss
550 1856 625 1918 quoe
660 1830 845 1897 vertebatur
880 1832 963 1895 inter
998 1831 1186 1916 magistrum
1216 1833 1311 1898 Jord.

357 1935 529 1998 Fantasma
554 1948 586 1999 et
610 1935 797 2019 magistrum
821 1934 978 1997 Joannem
1004 1934 1149 2010 Joichel,
1176 1934 1307 2000 clericos

357 2034 476 2100 domini
495 2035 734 2113 Wintoniensis,
747 2057 843 2118 super
854 2032 997 2099 Winton.
1014 2036 1141 2099 tandem
1158 2038 1311 2105 translata

355 2150 403 2201 est
425 2137 464 2200 ad
486 2138 680 2201 audientiam
703 2148 853 2199 nostram.
898 2135 1026 2200 Auditis
1047 2160 1125 2221 ergo
1145 2137 1309 2224 allegatio·

356 2238 450 2301 uibus
476 2228 619 2324 magistri
645 2237 739 2302 Jord.
766 2249 798 2300 et
824 2237 1044 2301 instrumentis
1069 2238 1239 2323 diligenter
1261 2243 1310 2307 in·

355 2340 480 2425 apertis,
496 2353 671 2404 memorato
687 2339 806 2402 Joanni
827 2352 934 2403 vestra
949 2352 980 2403 et
996 2343 1310 2409 nostraauctoritate

355 2441 561 2519 inhibuimus,
573 2465 612 2505 ne
622 2456 733 2506 contra
745 2440 941 2505 voluntatem
957 2440 1051 2506 Jord.
1066 2443 1188 2507 scholas
1199 2466 1310 2531 regere

354 2559 549 2629 presumeret
565 2545 596 2607 in
619 2542 752 2631 praefata
766 2543 904 2607 civitate.
950 2543 1012 2607 Die
1028 2568 1101 2608 vero
1116 2548 1261 2630 sequenti
1277 2549 1309 2614 in

354 2660 462 2709 nostra
474 2648 643 2731 praesentia
654 2646 877 2721 constiterunt,
890 2644 991 2709 multa
1006 2647 1038 2709 in
1051 2670 1083 2710 se
1096 2663 1309 2734 proponentes

352 2746 394 2810 ad
410 2747 560 2813 invicem:
585 2750 607 2811 J
610 2749 761 2823 ordanus,
774 2746 799 2811 si
811 2745 941 2833 quidem
952 2748 1142 2833 jamdictum
1153 2753 1308 2816 Joannem

354 2863 464 2913 contra
476 2851 658 2935 religionem
672 2850 746 2913 fidei
758 2850 791 2912 in
806 2849 960 2935 praedicta
971 2848 1099 2915 civitate
1111 2852 1170 2915 sibi
1186 2854 1309 2919 scholas

354 2976 532 3039 usurpasse,
547 2967 579 3018 et
595 2954 711 3016 damna
733 2954 872 3045 plurima
886 2954 1032 3018 intulisse
1055 2955 1191 3037 dicebat,
1205 2957 1307 3023 officio

354 3069 463 3119 nostro
487 3056 548 3120 sibi
571 3078 667 3141 super
689 3056 738 3119 his
760 3055 907 3119 satisfieri
928 3055 1101 3141 postulans.
1147 3060 1177 3122 Ε
1197 3074 1308 3126 contra

351 3159 489 3221 Joannes
501 3181 533 3221 se
544 3157 668 3243 judicio
684 3157 805 3243 Synodi
818 3180 913 3243 super
927 3157 1002 3221 fidei
1018 3159 1143 3224 laesione
1158 3161 1306 3227 innocen·

352 3255 429 3320 tiam
441 3279 529 3321 suam
541 3280 693 3343 purgasse
702 3256 910 3335 asserebat,et
922 3258 1105 3344 magistrum
1113 3262 1136 3323 J
1137 3261 1305 3341 ordanum,

351 3357 402 3421 cui
430 3356 539 3421 similis
566 3359 715 3444 purgatio
740 3358 925 3443 adjudicata
949 3371 1009 3436 est,
1033 3361 1183 3445 quoniam
1210 3385 1306 3447 super

351 3457 1306 3546 fideilaesionesimiliterfueratimpetitus,omninodefecisse

351 3559 487 3640 dicebat,
506 3576 618 3647 petens
634 3575 671 3626 ut
692 3585 876 3645 urgeremus
892 3561 941 3623 vel
963 3560 1003 3623 ad
1020 3563 1241 3646 purgationem
1264 3588 1304 3630 ex

345 3661 469 3746 judicio
481 3662 704 3746 praestandam,
717 3661 765 3723 vol
780 3661 819 3724 ad
834 3660 1024 3745 implendam
1037 3662 1213 3747 pactionem
1230 3689 1305 3753 quaa

350 3762 414 3826 lide
429 3763 617 3848 interposita
628 3762 795 3827 dicebatur
810 3763 909 3826 luisse
920 3763 1078 3829 roborata.
1110 3765 1180 3829 Illis
1195 3767 1304 3855 itaque

349 3865 393 3929 sic
415 3866 654 3947 altercantibus,
667 3870 805 3932 Joannes
827 3880 962 3931 vestram
979 3868 1172 3934 audientiam
1195 3872 1304 3959 appel-

350 3966 437 4048 lavit,
448 3968 555 4032 dicens
570 3991 602 4031 se
616 3982 813 4033 ostensurum
831 3968 917 4054 quod
934 3971 1125 4055 saepedictus
1139 3974 1303 4040 Jordanus

348 4068 532 4155 religionem
548 4071 622 4133 fidei
638 4083 668 4134 et
685 4075 873 4135 sacramenti
889 4084 1107 4149 temeraverat,
1120 4074 1204 4138 diem
1221 4099 1304 4162 praa·

347 4171 448 4256 figens
467 4173 666 4237 nativitatem
688 4173 773 4235 beati
796 4173 941 4236 Joannis.
986 4176 1094 4251 Quum
1116 4197 1191 4239 vero
1209 4179 1300 4245 Jord.

345 4275 558 4359 prolixitatem
583 4277 735 4360 temporis
761 4289 954 4356 causaretur,
976 4300 1014 4340 eo
1036 4279 1123 4363 quod
1146 4280 1187 4342 ab
1209 4280 1301 4345 initio

346 4377 531 4439 Decembris
543 4376 693 4461 usquead
705 4377 798 4438 finem
806 4377 829 4438 J
833 4379 898 4442 unii
909 4379 1078 4444 terminum
1088 4396 1302 4466 prorogasset,

344 4498 413 4539 eam
445 4477 617 4559 saepefatus
644 4478 784 4540 Joannes
810 4476 842 4539 in
870 4479 987 4542 festum
1017 4482 1101 4545 beati
1134 4483 1300 4549 Michaelis

345 4578 523 4663 protelavit.
570 4582 637 4643 Nos
652 4593 757 4643 autem
775 4581 981 4664 quaestionem
1003 4583 1169 4649 criminum
1186 4601 1300 4653 vestras

345 4694 541 4745 reservantes
552 4681 745 4760 discretioni,
762 4687 839 4769 quia
854 4685 894 4748 de
904 4686 979 4772 jure
991 4686 1170 4754 scholarum
1186 4692 1300 4777 magis-

346 4784 387 4847 tri
408 4784 540 4849 Jordani
561 4786 736 4862 constabat,
761 4789 995 4854 communicato
1018 4791 1153 4857 fratrum
1178 4808 1299 4859 nostro-

343 4905 414 4947 rum
432 4884 651 4965 Cicestrensis,
666 4888 919 4968 Hereiordensis‚
935 4905 967 4957 et
983 4893 1202 4978 Wigornensis
1216 4898 1296 4983 epis
