3300 6434
353 1236 548 1315 llos-64]
722 1254 901 1300 umsrona.
1242 1242 1302 1300 las

348 1404 490 1470 conversi
506 1403 546 1468 ad
566 1426 641 1469 eum
657 1404 714 1489 qui
737 1402 846 1467 fideles
867 1426 941 1467 suos
962 1404 1078 1469 tentari
1094 1427 1155 1468 non
1177 1410 1300 1491 patitur

347 1530 444 1592 supra
464 1507 497 1571 id
512 1507 599 1593 quod
621 1518 764 1591 possunt,
781 1504 898 1568 faciens
920 1504 1049 1590 quidem
1072 1503 1113 1568 de
1128 1506 1301 1571 tentatione

346 1622 548 1695 proventum,
561 1617 597 1670 ut
612 1606 718 1671 omnia
729 1619 939 1691 cooperentur
954 1608 986 1669 in
998 1605 1128 1671 bonum.
1161 1608 1200 1669 In
1216 1620 1300 1672 sorte

346 1731 483 1797 namque
501 1712 659 1796 justorum
677 1722 877 1795 peccatorum
899 1713 987 1791 virga
1002 1730 1063 1771 non
1080 1722 1254 1793 permanet,
1268 1722 1301 1774 et

345 1810 497 1898 quicquid
519 1812 560 1874 ab
583 1811 750 1895 iniquitate
773 1809 904 1887 recedit,
919 1833 973 1875 seu
997 1811 1152 1896 prosperi,
1168 1833 1223 1876 seu
1245 1810 1301 1875 ad·

346 1911 427 1974 versi
439 1911 551 1973 faciem
563 1909 685 1988 induat,
695 1910 900 1975 nihilominus
915 1911 1039 1997 proficit
1051 1910 1092 1973 ad
1108 1910 1254 1986 salutem,
1265 1924 1298 1975 et

346 2025 481 2076 conatur
503 2010 543 2074 ad
564 2010 708 2097 gloriam.
755 2012 803 2075 Ex
825 2035 931 2076 rerum
954 2035 1091 2097 namque
1110 2010 1299 2076 difficultate

347 2115 458 2179 crescit
484 2115 630 2177 meritum
660 2114 744 2189 fidei,
771 2126 803 2177 et
828 2113 994 2198 gloriosior
1024 2126 1070 2176 est
1102 2112 1297 2195 triumphus,

346 2238 442 2301 quem
456 2214 625 2278 assiduitas
639 2215 796 2291 laborum,
808 2229 840 2280 et
856 2214 1070 2300 periculorum
1086 2213 1256 2298 susceptio,
1267 2226 1299 2277 et

341 2316 430 2401 jugis
439 2315 592 2401 patientia
606 2336 842 2401 praecesserunt.
868 2316 900 2380 Si
911 2315 951 2379 de
963 2339 995 2379 se
1007 2316 1171 2400 praesumit
1182 2313 1298 2399 aliquis

344 2417 376 2479 iu
393 2439 459 2501 quo
473 2415 591 2495 deficit,
602 2416 627 2479 si
642 2415 682 2479 de
699 2419 849 2493 Domino,
862 2417 894 2479 in
909 2439 975 2502 quo
991 2438 1052 2479 uon
1067 2415 1203 2500 proficit,
1217 2418 1299 2482 Sine

344 2538 403 2596 me,
413 2516 531 2601 iuquit,
543 2518 626 2578 niti!
635 2519 907 2601 potestisfocere:
932 2528 964 2579 et
980 2516 1012 2578 in
1024 2539 1062 2578 eo
1073 2516 1168 2600 cujus
1182 2516 1299 2601 spiritu

344 2617 451 2700 agitur
473 2616 647 2703 apostolus,
672 2622 779 2682 omnia
801 2633 915 2704 potest.
961 2617 1041 2695 Quis
1065 2621 1207 2681 virorum
1233 2617 1298 2681 for·

346 2719 425 2784 tium
442 2732 474 2784 et
489 2719 673 2785 sublimium
690 2720 769 2783 illud
785 2742 848 2784 uon
864 2721 999 2785 libenter
1014 2717 1240 2805 amplectitur?

449 2836 492 2889 Tu
504 2856 538 2889 ne
551 2837 613 2889 cede
625 2837 710 2900 malis,
723 2838 769 2889 sed
781 2843 869 2889 contra
880 2837 1015 2889 audentior
1026 2838 1071 2899 ito,

451 2922 539 2983 Quam
552 2928 597 2975 tua
609 2929 636 2973 to
644 2921 747 2974 fortuna
760 2924 837 2974 sinat.

346 3020 435 3095 Quid
447 3043 522 3104 ergo
537 3020 622 3100 [ille]
634 3043 731 3104 quem
741 3021 884 3085 Verbum
898 3022 1003 3086 Patris
1013 3022 1128 3086 invitat
1141 3021 1180 3087 ad
1192 3024 1298 3102 fortia,

344 3135 377 3186 et
392 3121 510 3185 animat
525 3124 558 3186 iu
575 3122 778 3186 tribulatione
795 3122 963 3200 malorum,
978 3136 1009 3188 et
1024 3121 1156 3187 dolore?
1178 3125 1298 3205 dicens,

347 3226 506 3309 Confidite
519 3228 555 3288 in
571 3247 629 3303 me,
643 3247 699 3307 ego
713 3228 776 3289 vici
790 3228 961 3289 mundum.

387 3325 531 3389 Dilatare
546 3326 647 3391 voluit
663 3327 821 3391 Dominus
837 3349 950 3391 nomen
971 3351 1076 3405 suurn,
1091 3343 1123 3394 et
1147 3331 1297 3414 martyris

345 3427 393 3490 sui
417 3427 550 3512 gloriam
576 3428 746 3493 transferre
767 3429 807 3492 ad
831 3444 978 3493 externas
1001 3431 1155 3504 nationes,
1179 3443 1216 3493 ut
1240 3431 1297 3516 qui

344 3527 434 3612 quasi
452 3528 513 3593 sub
533 3528 639 3591 modio
655 3529 846 3593 Senonensis
865 3527 1003 3590 ecclesiae
1023 3528 1153 3602 latebat,
1169 3550 1297 3614 respon-

345 3627 419 3692 deat
441 3628 473 3690 in
497 3628 601 3691 medio
623 3628 800 3703 nationum,
816 3641 847 3691 et
871 3626 1078 3690 multitudine
1093 3628 1297 3714 populorum.

348 3728 387 3790 In
398 3728 482 3791 aedes
494 3751 567 3792 suas
577 3739 702 3792 tantum
712 3729 795 3790 forte
805 3728 948 3813 permisit
958 3726 1150 3809 incendium,
1161 3743 1197 3795 ut
1207 3733 1298 3818 quasi

345 3826 497 3892 beneficio
526 3828 608 3914 ignis
637 3832 835 3907 examinatae,
859 3843 989 3895 auctore
1018 3832 1168 3910 Domino,
1195 3858 1297 3921 quum

345 3929 545 3996 reoedificatae
571 3928 703 4009 fuerint,
730 3932 810 3998 sicut
836 3933 1029 4013 mundiores,
1052 3934 1097 3998 ita
1122 3952 1297 4021 appareant

344 4030 548 4116 pulchriores.
594 4033 702 4109 Quum
720 4056 791 4097 vero
811 4033 973 4099 ecclesiam
989 4034 1165 4118 Anglorum
1182 4036 1296 4099 sollici·

345 4145 412 4197 tare
441 4133 606 4219 placuerit,
635 4134 780 4220 diligenti
812 4135 1025 4200 sollicitudine
1061 4135 1234 4220 prudentes
1263 4148 1295 4200 et

344 4233 491 4299 honestos
507 4239 591 4300 viros
608 4235 641 4299 in
657 4237 716 4300 hoc
738 4260 818 4321 opus
833 4237 949 4318 eligere
973 4234 1141 4310 studeatis,
1156 4258 1296 4319 quorum

345 4350 474 4421 peccata
486 4337 614 4400 minime
625 4336 772 4399 ruborem
788 4336 945 4399 incutiant
961 4335 1150 4397 innocentiae
1166 4350 1294 4401 vestrae:

344 4434 470 4498 veniant
486 4437 617 4521 quidem
634 4436 748 4497 muniti
767 4432 1034 4498 commendatitiis
1050 4435 1197 4519 precibus
1212 4437 1298 4522 prin.

343 4535 452 4620 cipum
479 4551 668 4612 vestrorum,
696 4556 756 4597 nou
784 4556 851 4620 quo
876 4558 925 4598 res
950 4534 1042 4597 aliter
1067 4536 1208 4621 expediri
1233 4561 1296 4602 non

343 4638 454 4723 possit,
469 4637 523 4701 sed
544 4639 622 4724 quia
642 4635 767 4701 facilius
787 4647 819 4699 et
835 4636 959 4700 felicius
980 4651 1187 4723 promovetur
1201 4663 1297 4727 nego·

345 4743 438 4822 tium,
459 4743 544 4829 quod
569 4763 754 4828 magnorum
779 4739 918 4804 virorum
941 4752 989 4805 est
1011 4745 1200 4808 auctoritate
1223 4747 1298 4811 sub·

345 4845 466 4910 nixrrm.
514 4845 670 4910 Affectum
700 4842 835 4930 spondet
870 4842 1018 4907 dominus
1049 4845 1298 4927 Cantuarieusis,

389 4965 461 5012 vot.
480 4969 501 5012 r.
833 4966 851 5009 u
