3300 6434
344 1236 408 1296 260
594 1246 730 1293 sciurus
747 1245 1027 1292 sasssnsnrnusrs
1204 1230 1247 1310 [s.
1261 1249 1291 1295 o.

342 1400 494 1477 devoveo,
530 1397 722 1483 qusndoque
760 1397 922 1462 devotioni
957 1409 1125 1482 promptae,
1160 1413 1290 1464 auctore

342 1501 494 1578 Domino,
509 1499 711 1563 exhibiturus
730 1500 889 1563 effectum.
935 1500 1026 1562 Deus
1047 1510 1151 1564 autem
1166 1502 1293 1585 procul-

341 1601 441 1666 dubio
463 1611 576 1665 vestrae
599 1601 739 1664 caritatis
760 1602 975 1665 remunerabit
996 1603 1148 1681 officium,
1163 1613 1195 1667 et
1215 1603 1292 1669 licet

340 1700 435 1764 nobis
457 1699 650 1764 subtraxerit
671 1698 865 1763 retribuendi
887 1698 1082 1780 facultatem,
1103 1706 1173 1787 ipse
1201 1704 1292 1787 cujus

342 1819 455 1865 manns
469 1821 529 1864 nec
544 1801 638 1884 inops
653 1812 713 1878 est,
727 1821 786 1865 nec
802 1822 908 1879 avara,
919 1823 978 1866 nec
994 1802 1165 1886 impotens,
1179 1802 1288 1886 benig-

342 1902 436 1968 nitati
464 1910 576 1965 vestrae
613 1900 700 1985 qnod
733 1900 839 1984 ipsum
877 1900 971 1966 decet
1007 1903 1228 1986 respondebit,
1257 1906 1289 1967 in

342 2001 561 2066 misericordia
580 2002 672 2065 uberi
693 2022 873 2066 mensuram
895 2005 1014 2068 bonam
1037 2014 1069 2067 et
1091 2006 1293 2086 coagitatam,

342 2115 374 2168 et
387 2104 667 2189 supereffluentem
681 2104 853 2168 refundens
867 2106 900 2167 in
917 2106 1023 2170 sinum
1040 2118 1187 2170 vestrum.

341 2363 563 2427 EPISTOLA
585 2361 792 2426 eulx-m
808 2381 992 2427 nonnnrnu
1009 2383 1128 2429 inmun
1146 2385 1290 2431 nemim.

709 2464 753 2544 [ι.
765 2484 796 2527 o.
815 2466 923 2547 nee]

627 2596 763 2661 Roberto
767 2597 849 2677 filio
863 2597 1004 2678 Epidio.

385 2721 413 2782 A
427 2732 624 2781 enurrsnnn
640 2713 720 2776 mihi
733 2711 955 2795 incipiendum
968 2725 1017 2777 est
1030 2716 1169 2793 actione,
1180 2716 1243 2779 nisi
1257 2730 1290 2780 et

342 2818 573 2886 conscientiam
595 2826 626 2879 et
647 2815 765 2878 famam
779 2814 875 2877 velim
891 2814 1128 2896 ingratitudinis
1142 2816 1219 2879 vitio
1234 2816 1289 2881 de-

342 2933 479 3005 turpare.
510 2920 583 2982 Hoo
598 2917 682 2981 enim
699 2915 1138 2999 multipliciterpromemisti,
1155 2919 1288 2983 multum

343 3022 472 3107 quidem
498 3019 532 3083 in
555 3038 693 3102 persona
715 3036 797 3092 mes,
815 3015 872 3079 sed
897 3017 1038 3080 maxime
1062 3019 1096 3081 in
1121 3018 1288 3083 fraterculo

341 3132 460 3195 nostro,
477 3120 569 3205 cujus
584 3118 766 3205 predicaris
781 3116 1017 3180 communicare
1031 3120 1289 3194 necessitatibus,

341 3233 374 3286 et
387 3242 443 3286 eas
457 3231 643 3305 supportare
659 3230 693 3282 ut
707 3230 788 3295 tuas,
799 3227 832 3281 et
846 3230 882 3280 ut
895 3218 942 3280 eis
958 3220 1197 3283 communicent
1210 3221 1290 3283 ulios

340 3323 490 3387 animare.
547 3321 640 3384 Nosti
670 3319 754 3383 enim
784 3317 863 3381 illud
893 3320 1029 3401 apostoli
1062 3320 1159 3396 Petri,
1189 3320 1223 3382 Si
1253 3332 1289 3383 nt

341 3424 541 3488 Christianus
557 3422 630 3506 quis
644 3422 772 3505 patitur,
785 3440 850 3482 non
866 3421 1044 3497 embescat,
1059 3420 1116 3483 sed
1131 3421 1288 3501 glorificet

341 3525 529 3599 Dominum,
542 3525 611 3587 haec
628 3534 675 3587 est
690 3523 773 3585 enim
790 3521 893 3602 gratia
906 3521 992 3603 apud
1011 3522 1128 3605 ipsum.
1175 3520 1289 3585 Certus

340 3645 374 3687 es
390 3637 506 3702 autem,
520 3638 555 3688 ut
570 3624 715 3701 arbitror,
731 3623 882 3707 quoniam
902 3624 962 3686 iste
983 3636 1092 3686 noster
1104 3623 1288 3686 fraterculus

340 3746 406 3788 non
429 3727 547 3808 patitur
568 3726 659 3808 quasi
682 3723 854 3801 homicida,
868 3735 923 3788 aut
944 3724 1004 3797 fur,
1025 3734 1080 3788 aut
1103 3724 1288 3802 maledicus,

341 3835 396 3888 sut
422 3827 581 3908 appetitor
606 3828 791 3903 alienorum,
821 3836 853 3887 et
882 3825 946 3889 hoc
976 3824 1094 3908 ipsum,
1120 3838 1155 3889 ut
1184 3824 1291 3900 audio,

340 3947 399 4010 per
413 3938 444 3989 te
458 3926 528 3989 aliis
542 3927 728 4001 innotescit,
743 3924 785 3987 ad
800 3926 1054 3989 consolationem
1070 3922 1200 4005 quidem
1215 3947 1289 3987 nos·

341 4038 433 4103 tram,
459 4025 517 4090 sed
541 4026 672 4109 gloriam
698 4046 806 4090 eorum
831 4038 863 4089 et
887 4025 1031 4103 salutem,
1053 4026 1109 4107 qui
1132 4026 1162 4087 ei
1184 4027 1289 4087 officia

341 4128 543 4192 humanitatis
558 4127 755 4211 impendunt.
794 4127 923 4191 Gratias
936 4126 1043 4208 itaque
1058 4125 1181 4186 interim
1198 4144 1289 4185 max·
1396 4208 1399 4213 .

341 4230 422 4294 imas
437 4230 495 4293 tibi
510 4231 576 4311 agit
591 4232 725 4293 affectus
741 4250 842 4306 meus,
857 4227 933 4291 dum
956 4224 1043 4290 eliud
1058 4246 1123 4288 non
1139 4225 1295 4308 permittit

340 4330 475 4394 facultas
490 4330 662 4405 exulantis,
678 4341 805 4392 auctore
827 4330 978 4404 Domine,
993 4325 1185 4411 quandoque
1201 4344 1289 4387 max·

340 4429 422 4496 imas
436 4432 636 4494 exhibiturus
651 4432 776 4493 effectu.
824 4431 940 4492 Precor
960 4437 1065 4491 antem
1080 4437 1115 4489 ut
1129 4426 1163 4488 in
1177 4426 1287 4488 huma·

340 4531 440 4596 nitate
463 4554 557 4615 quam
579 4532 727 4614 incepisti
749 4529 791 4592 ad
813 4530 937 4591 fratrem
961 4549 1068 4591 meum
1085 4526 1289 4590 laudabiliter

340 4652 531 4712 perseveres,
562 4631 636 4713 quia
666 4629 753 4713 quod
779 4640 889 4692 vestrae
919 4627 1113 4691 subtrabitur
1136 4624 1288 4701 facultati,

341 4731 399 4794 tibi
414 4755 433 4793 a
448 4734 601 4796 bonorum
617 4732 761 4794 omnium
775 4730 965 4792 retributore
981 4726 1190 4811 supplebitur.
1226 4726 1288 4787 Va-

341 4833 414 4894 lete.
