3300 6434
367 1233 560 1315 tras—61]
737 1254 914 1302 eersnoaia.

523 1491 747 1556 EPISTOLA
768 1492 984 1554 LXIll.-no
1000 1510 1151 1555 ananau.

689 1626 772 1707 Regi
787 1625 974 1706 Anglorum.

405 1758 472 1829 Qur
494 1775 555 1817 non
587 1756 705 1841 spernit
735 1778 912 1841 pauperum
936 1777 1055 1840 preces,
1078 1756 1252 1820 misericors
1277 1773 1309 1824 et

360 1855 525 1920 miserator
548 1855 706 1921 Dominus
727 1857 865 1922 ecclesiae
887 1877 955 1920 suae
979 1858 1116 1941 gemitus
1130 1858 1307 1935 exaudivit,

359 1967 392 2017 et
415 1972 472 2040 per
497 1956 632 2040 gratiam
660 1978 749 2019 suam
776 1956 867 2020 vobis
896 1956 1036 2020 restituit
1062 1979 1185 2041 pacem,
1211 1980 1307 2044 quarn

359 2056 497 2141 possitis,
510 2071 547 2121 ut
558 2070 696 2143 oportet,
707 2057 873 2121 restituere
886 2056 1025 2120 subditis
1036 2059 1156 2121 vestris.
1178 2057 1307 2125 lustum

358 2158 440 2219 enim
456 2172 514 2236 est,
531 2169 567 2222 ut
583 2157 643 2223 sint
660 2158 908 2221 consolationum
925 2157 1094 2243 participes
1109 2159 1164 2243 qui
1181 2162 1307 2227 contriti

358 2260 479 2322 suntin
503 2258 665 2323 laboribus
684 2259 808 2334 vestris,
829 2272 861 2323 et
880 2260 936 2345 qui
957 2258 1139 2334 facultates,
1162 2284 1305 2347 corpora,

357 2358 487 2438 animas,
510 2374 650 2424 vestrum
676 2374 891 2445 exposuerunt
913 2359 953 2424 ad
978 2359 1116 2438 libitum,
1134 2361 1306 2442 vobiscum,

357 2461 405 2524 vel
416 2461 455 2523 ad
467 2461 625 2526 modicum
634 2461 931 2546 valeantrespirare,
939 2475 973 2527 ut
982 2463 1094 2526 vestris
1100 2464 1304 2549 postmodum

359 2562 518 2647 obsequiis
534 2564 608 2638 sint,
620 2586 720 2648 quum
731 2585 813 2648 opus
823 2563 932 2637 inerit,
943 2563 1091 2650 aptiores.
1129 2567 1303 2643 Caeterum,

356 2662 431 2747 quia
446 2663 477 2725 in
494 2662 635 2727 absentia
652 2676 765 2737 vestra,
782 2685 840 2725 nec
855 2685 926 2748 spes
941 2664 1058 2748 quietis
1073 2675 1120 2728 est
1136 2666 1304 2730 coaetaneis

355 2764 480 2844 nostris,
490 2765 614 2829 vultum
628 2778 765 2829 restrum
778 2764 938 2828 desiderat
950 2766 1096 2829 universa
1105 2779 1201 2843 terra,
1211 2783 1303 2853 rogat

357 2866 542 2944 Dominum,
558 2866 589 2929 in
604 2867 697 2951 cujus
707 2886 802 2929 manu
818 2865 915 2929 corda
930 2880 1005 2930 sunt
1020 2889 1143 2950 regum,
1159 2886 1197 2932 ut
1212 2870 1303 2934 vobis

354 2989 459 3029 veram
476 2990 597 3053 pacem,
612 2979 644 3031 et
660 2966 720 3030 sibi
735 2979 870 3031 vestram
882 2967 1019 3052 gratiam
1035 2966 1201 3051 largiatur,
1216 2983 1247 3035 et
1264 2984 1301 3036 ut

352 3069 383 3132 in
402 3092 498 3153 regno
514 3082 618 3132 vestro
633 3068 672 3131 ad
688 3067 932 3133 consolationem
948 3081 980 3133 et
992 3068 1164 3133 utilitatem
1175 3071 1250 3136 cleri
1266 3088 1298 3138 et

351 3170 474 3257 populi,
483 3173 605 3257 placeat
615 3170 751 3255 amplius
762 3192 958 3233 commanere
971 3195 980 3242 ;
1004 3170 1126 3255 eosqui
1138 3193 1197 3257 pro
1209 3173 1299 3236 vobis

354 3287 457 3349 orant,
487 3272 599 3335 audire
628 3267 791 3336 consuevit
821 3271 1019 3346 Altissimus,
1042 3286 1074 3335 et
1097 3271 1178 3335 hanc
1199 3273 1299 3359 ipsam

351 3377 536 3462 petitionem
561 3375 729 3439 humilium
751 3388 911 3461 acceptam
928 3397 994 3437 esse
1009 3372 1197 3436 confidimus
1211 3375 1299 3460 apud

350 3500 434 3543 eunt.
481 3477 705 3564 Supplicamus
719 3476 828 3562 itaque
844 3475 998 3559 majestati
1015 3486 1142 3548 vestrae,
1160 3489 1195 3537 ut
1212 3475 1300 3539 vobis

349 3579 484 3664 placeat,
520 3578 606 3663 quod
641 3577 764 3660 placere
795 3575 934 3637 Domino
962 3572 1166 3646 arbitramur,
1199 3587 1231 3639 et
1261 3589 1297 3642 ut

349 3679 486 3741 redeatis
511 3677 551 3739 ad
569 3674 758 3761 peculiarem
782 3672 937 3759 populum
960 3685 1112 3748 vestrum,
1132 3696 1191 3759 pro
1206 3678 1299 3762 cujus

350 3780 536 3844 necessitate
545 3786 577 3840 et
588 3775 851 3862 precibuspacem
863 3774 951 3838 robis
959 3798 978 3837 a
992 3774 1130 3839 Domino
1138 3776 1297 3844 credimus

349 3881 493 3966 undique
515 3878 728 3943 reformatam.
775 3880 904 3941 Moveat
935 3899 991 3940 vos
1019 3875 1149 3941 devotio
1171 3880 1295 3964 populi,

348 3997 473 4048 moveat
499 3982 632 4047 affectus
656 3981 841 4056 liberorum,
871 4001 890 4041 a
916 4001 1054 4064 quorum
1084 3991 1213 4067 aspectu
1243 3982 1296 4045 vix

348 4086 557 4171 rigidissimus
578 4106 691 4169 parens
713 4098 818 4168 posset
841 4080 962 4146 tamdiu
986 4080 1094 4145 oculos
1116 4082 1295 4146 continere:

348 4190 427 4253 fides
448 4199 573 4253 moveat
594 4185 782 4271 conjugalis,
809 4194 934 4247 moveat
955 4182 1122 4246 amoenitas
1139 4183 1296 4259 locorum,

347 4304 378 4354 et
394 4290 555 4353 affluentia
570 4287 767 4361 deliciarum,
783 4305 935 4370 quasnon
952 4281 1123 4346 sufficimus
1134 4306 1294 4348 enarrare:

345 4405 377 4454 et
393 4413 431 4453 ne
447 4389 606 4474 propriam
619 4399 846 4470 praetereamus
861 4406 998 4462 causam,
1014 4398 1138 4448 moveat
1153 4386 1294 4450 animum

346 4501 484 4553 vestrum
506 4486 658 4551 desolatio
674 4509 753 4566 mea,
769 4486 826 4572 qui
848 4508 916 4571 prae
938 4495 1032 4548 aetate
1052 4497 1084 4549 et
1105 4486 1297 4570 aegritudinc

345 4590 557 4655 desideratum
569 4587 743 4651 adventum
757 4601 896 4652 vestrum
913 4586 967 4650 diu
984 4609 1045 4650 oon
1061 4601 1172 4672 potero
1183 4610 1296 4674 expec-

345 4705 421 4756 tare.
468 4689 546 4755 Pelli
578 4712 656 4755 meae
692 4692 889 4775 consumptis
924 4688 1073 4752 carnibus
1102 4688 1234 4753 adhaesit
1260 4713 1296 4753 os

342 4815 459 4869 meum,
475 4813 628 4855 recessum
648 4790 788 4854 minatur
803 4790 947 4875 spiritus,
960 4788 1061 4852 haeret
1077 4801 1182 4852 tamen
1196 4812 1293 4853 mem-
