3300 6434
357 1129 420 1187 296
619 1138 1052 1185 Jouuurssssssssussltfflusls
1227 1116 1282 1198 [a.
1304 1134 1343 1178 n.

359 1315 424 1363 non
451 1305 597 1376 possunt,
620 1315 729 1357 eorum
759 1293 941 1355 minuantur
965 1291 1057 1367 vires,
1079 1296 1120 1354 et'
1141 1294 1341 1353 evanescat

360 1395 540 1457 auctoritas.
602 1394 698 1467 Quod
730 1393 866 1456 audistis
896 1391 936 1455 de
965 1391 1086 1468 Siculo,
1109 1390 1339 1454 falsissimum

360 1516 430 1557 esse
457 1494 569 1558 dicunt
592 1497 709 1558 milites
733 1495 919 1571 Remenses,
940 1492 994 1575 qui
1018 1490 1228 1576 stipendiarii
1257 1489 1340 1573 ejus

359 1595 488 1659 suerunt
502 1618 586 1658 anno
602 1597 737 1676 integro,
752 1609 784 1659 et
799 1596 904 1679 pridie
921 1595 1037 1658 reversi
1051 1604 1135 1657 sunt.

403 1695 499 1767 Quod
509 1696 554 1758 illi
567 1716 632 1757 non
643 1697 809 1772 evitantur,
819 1717 900 1778 quos
909 1695 1058 1758 dominus
1070 1693 1336 1758 cantuariensis

360 1793 558 1857 denuntiavit
579 1795 888 1872 excommunicatos,
911 1815 976 1857 non
999 1805 1064 1857 tam
1085 1795 1194 1878 ipsum
1220 1793 1336 1863 ladit.

362 1916 458 1979 quam
482 1916 536 1957 eos
559 1896 616 1978 qui
638 1896 684 1958 eis
707 1897 955 1959 communicent.
1002 1893 1072 1978 Ipsi
1090 1895 1234 1959 viderint
1257 1916 1334 1979 qua

362 1997 558 2059 conscicntia
569 1998 819 2072 communicent,
832 2010 863 2059 et
878 1997 932 2079 qui
945 1996 1217 2059 excommunicati
1232 2010 1332 2074 sunt,

361 2118 426 2180 qua
454 2098 638 2161 innocentia
663 2109 719 2161 aut
743 2109 871 2179 negent,
898 2111 953 2160 aut
981 2108 1140 2160 excusent
1169 2097 1332 2174 crimina,

362 2218 432 2280 quae
448 2200 495 2261 eis
510 2200 736 2283 impinguntur.
774 2200 847 2279 Ego
864 2198 930 2261 scio
946 2197 1032 2281 quod
1044 2220 1148 2281 neque
1164 2200 1200 2261 iu
1214 2200 1330 2263 feren·

361 2297 403 2362 da
419 2303 577 2364 sententia
591 2323 732 2383 praesens
747 2302 802 2379 sui,
819 2322 924 2385 neque
945 2301 985 2363 de
1001 2301 1136 2364 consilio
1159 2322 1246 2377 mco,
1263 2314 1330 2367 aut

361 2402 401 2465 de
424 2405 622 2468 conscientia
652 2407 716 2469 lata
741 2415 798 2482 est,
821 2415 855 2467 et
883 2402 1032 2480 necdum,
1056 2403 1198 2466 Domino
1223 2418 1327 2485 teste,

362 2505 517 2588 quosdam
544 2529 664 2586 eomm,
688 2509 744 2592 qui
774 2509 875 2570 notati
907 2517 992 2584 sunt,
1016 2508 1103 2584 novi,
1126 2527 1200 2583 nec,
1226 2510 1325 2592 quod

362 2607 571 2683 meminerim,
601 2608 675 2670 ridi.
730 2609 878 2671 Tentabo
914 2609 1034 2691 utique,
1065 2618 1100 2670 ut
1134 2610 1325 2688 consulitis,

360 2707 636 2791 archiepiscopum
652 2710 780 2772 flectcre
794 2731 852 2792 pro
864 2709 1092 2772 archidiacono
1107 2710 1327 2789 Pictaviensi,

360 2809 386 2871 si
399 2819 505 2873 tamen
519 2808 748 2888 intellexeritis,
760 2811 848 2894 quod
859 2811 899 2874 acl
917 2832 1028 2894 pacem
1041 2811 1197 2874 Ecclesise
1210 2813 1325 2894 possit

359 2912 515 2993 proficere
530 2914 620 2975 labor
641 2935 739 2976 meus.
787 2914 938 2997 Alioquin
962 2917 1150 2995 probrosum
1172 2928 1261 2976 esset
1285 2929 1325 2979 et

359 3026 451 3097 turpe
465 3027 587 3099 patrem
604 3015 846 3093 circumvenire,
860 3027 892 3077 et
907 3015 1082 3078 dominum.
1128 3013 1192 3078 Sed
1210 3016 1325 3080 nostis

361 3115 564 3199 quod,quum
578 3117 638 3180 hoc
648 3118 689 3180 ab
698 3138 784 3180 anno
796 3118 956 3200 preterito
966 3117 1135 3197 egerimus,
1142 3138 1201 3181 nec
1212 3121 1325 3183 semel

358 3217 452 3279 nobis
467 3238 655 3300 responsum
671 3229 720 3280 est
738 3219 778 3281 ab
801 3217 1030 3281 archidiacono
1046 3220 1176 3282 verbum
1198 3240 1324 3285 unum.

360 3318 411 3381 De
434 3318 544 3381 itincre
566 3330 673 3381 autem
695 3330 800 3381 restro
822 3317 901 3400 quid
924 3319 1088 3381 consulam
1111 3319 1232 3396 nescio,
1255 3322 1324 3385 scd

360 3419 421 3482 iter
435 3422 567 3503 precise
583 3419 746 3496 dictarem,
759 3419 822 3481 nisi
839 3419 992 3502 quianon
1008 3418 1102 3482 video
1118 3420 1284 3504 quomodo
1303 3445 1328 3487 a

360 3522 532 3603 participio
573 3522 924 3584 excommunicatorum
966 3521 1097 3602 possitis
1140 3522 1323 3587 abstinere.

362 3624 447 3684 Nam
466 3622 553 3703 quod
576 3624 766 3685 sententiam
790 3633 981 3699 meruerunt,
997 3623 1087 3684 robis
1104 3624 1327 3706 aliquatenus,

361 3720 419 3781 sed
447 3721 511 3780 illis
537 3742 579 3780 ex
606 3723 787 3785 testimonio
816 3724 1020 3786 conscientie
1051 3725 1177 3806 plenius
1202 3726 1324 3810 liquet.

359 3819 456 3892 Eum,
472 3819 528 3899 qui
544 3819 679 3880 seminat
701 3822 877 3885 discordias
901 3825 983 3886 inter
1004 3825 1115 3886 fratres
1138 3826 1324 3892 detestetur

359 3920 466 3983 anima
492 3917 639 3980 Domini:
682 3918 759 4001 quid
786 3942 861 4000 ergo
883 3943 968 3998 cum,
990 3923 1046 4003 qui
1069 3943 1141 3984 cnm
1165 3926 1324 3994 ldumaeo

359 4023 493 4086 satellite
508 4020 707 4103 persequitur
722 4020 912 4096 sacerdotes,
928 4033 960 4083 et
979 4023 1173 4085 tabernaculi
1197 4023 1323 4093 Domi.

360 4125 395 4187 ni
410 4122 578 4185 succendit
592 4117 709 4197 vicum,
723 4134 755 4184 et
769 4121 876 4204 gladio
898 4121 1052 4204 principis
1074 4123 1106 4183 in
1129 4124 1319 4194 Leviticum

360 4226 504 4288 ordinem
520 4224 746 4286 debacchatur.
785 4224 825 4286 In
842 4225 904 4287 hoc
918 4245 993 4305 ergo
1005 4225 1140 4287 articulo
1153 4230 1319 4293 consulite

360 4326 599 4399 conscientiam,
629 4337 661 4386 et
688 4325 827 4408 aliquem
856 4326 1040 4406 religiosum
1070 4337 1102 4388 et
1137 4325 1314 4394 discretum

361 4428 510 4490 arbitrum
526 4426 692 4488 adhibete:
717 4437 749 4487 ct
766 4447 864 4508 quum
878 4426 1051 4489 effuderitis
1063 4448 1117 4489 cor
1128 4439 1264 4491 restrum
1278 4431 1314 4495 in

360 4539 536 4610 conspectu
551 4527 630 4607 ejus,
645 4527 814 4609 sequimini
837 4527 922 4610 quod
947 4527 1106 4589 Dominus
1128 4529 1308 4610 inspirabit.

361 4623 397 4688 Si
413 4648 485 4689 vero
501 4648 556 4688 ros
570 4625 611 4688 ad
634 4627 764 4703 curiam,
780 4624 988 4691 suadentibus
1010 4629 1121 4691 amicis
1140 4630 1308 4712 contigerit

360 4725 532 4807 proficisci,
554 4726 790 4802 archidiacono,
805 4749 900 4811 quern
923 4727 1065 4809 diligitis,
1084 4741 1116 4792 et
1137 4753 1208 4811 ego,
1231 4754 1309 4818 qua·
