3300 6434
341 1219 402 1278 luo
608 1230 744 1276 rosnms
760 1228 1041 1273 sanasamusnsrs
1200 1212 1247 1291 [a.
1263 1229 1298 1276 n.

343 1379 551 1446 contumacia
566 1401 644 1453 suae,
660 1390 691 1442 et
712 1377 936 1443 inobedientiae
950 1378 1056 1464 culpa,
1071 1400 1168 1463 quam
1183 1377 1299 1443 beatus

347 1482 544 1547 Benedictus
554 1481 586 1543 in
597 1478 794 1545 monasteriis
805 1479 898 1543 docet
913 1482 1036 1543 eaeteris
1050 1478 1155 1542 acrius
1164 1480 1300 1564 punien-

345 1583 440 1656 damr
465 1595 496 1647 et
519 1603 616 1666 quam
637 1593 705 1644 tota
727 1579 808 1643 fides
832 1578 1009 1655 catholica,
1031 1592 1063 1643 et
1085 1580 1189 1642 omnis
1203 1579 1301 1642 ecole-

345 1688 473 1749 siastica
487 1682 665 1766 disciplina,
681 1680 773 1768 quasi
788 1680 890 1744 scelus
906 1679 1095 1745 idololatriae
1111 1679 1301 1745 detestatur.

351 1782 499 1847 Tandem
515 1780 656 1844 conversi
672 1780 711 1843 ad
728 1802 782 1843 cor
797 1780 838 1844 ab
853 1780 969 1844 abbate
990 1802 1058 1855 suo,
1074 1802 1170 1865 quem
1190 1778 1300 1844 multis

346 1883 474 1969 injuriis
488 1895 521 1947 et
537 1881 757 1946 vexationibus
770 1882 913 1966 graviter
927 1881 1083 1957 laeserant,
1099 1882 1213 1946 saniori
1228 1905 1301 1946 cou-

348 1983 418 2050 silio
435 1986 496 2063 usi,
511 1983 662 2069 prostrati
677 1982 717 2047 ad
734 1986 832 2069 pedes
846 1984 927 2068 ejus,
941 1985 1064 2048 veniam
1081 1984 1253 2069 petierunt,
1268 1996 1300 2048 et

348 2087 593 2152 satisfactionem
606 2086 840 2171 promittentes,
851 2086 1002 2150 restituto
1017 2086 1195 2172 privilegio,
1212 2085 1300 2172 quod

347 2212 366 2253 a
380 2190 544 2275 majestate
555 2188 673 2251 viciosa
685 2172 891 2271 suggestione
902 2186 1118 2261 obtinuerant,
1131 2187 1301 2251 interveni·

346 2290 474 2354 entibus
496 2288 599 2363 nobis,
621 2297 652 2351 et
674 2286 910 2351 venerabilibus
932 2286 1007 2350 viris
1021 2288 1075 2374 qui
1100 2287 1242 2367 aderant,
1257 2288 1300 2353 G.

348 2389 491 2454 Roll'ensi
513 2389 673 2475 episcopo,
698 2388 851 2452 Silvestro
873 2387 988 2451 abbate
1013 2389 1044 2453 S.
1061 2388 1246 2472 Augustini,
1267 2390 1301 2452 in

347 2490 447 2576 ipsius
458 2491 592 2573 gratiam
606 2492 724 2574 recepti
737 2504 821 2567 sunt,
837 2489 923 2552 etsie
938 2488 1106 2552 concordia
1120 2490 1301 2556 reformata.

352 2596 398 2657 Et
428 2592 505 2676 quia
529 2590 676 2657 cellulam
699 2591 887 2656 Malvernioe
909 2590 1047 2656 ecclesiae
1072 2592 1300 2657 Westmonast.

348 2692 443 2777 pleno
452 2692 527 2776 jure
538 2692 579 2757 ab
589 2691 680 2756 initio
688 2703 812 2756 constat
827 2713 894 2754 esse
905 2690 1093 2776 subjectam,
1105 2690 1300 2758 excellentiae

349 2806 463 2857 vestrae
494 2815 603 2879 preces
631 2791 836 2876 porrigimus,
858 2803 1006 2875 rogantes
1027 2812 1066 2854 ne
1095 2804 1205 2855 contra
1226 2814 1300 2855 con-

348 2891 549 2956 suetudinem
576 2890 718 2955 omnium
744 2888 1017 2965 monasteriorum,
1045 2913 1113 2954 eam
1137 2891 1300 2978 patiamini

344 2996 418 3079 jure
433 3015 490 3057 auo
510 2992 640 3079 privari,
656 3005 689 3057 et
701 2993 808 3079 justas
829 2993 999 3078 petitiones
1020 2992 1156 3070 abbatis,
1176 2992 1301 3077 dequo

349 3093 479 3158 meliora
494 3116 667 3179 speramus,
682 3092 926 3158 misericorditer
940 3093 1085 3157 audiatis.

348 3265 573 3331 EPISTOLA
599 3261 744 3326 (ll-sn
767 3282 952 3327 naumann
973 3283 1117 3329 aerscoe.
1138 3284 1301 3328 wmrom-

642 3383 770 3430 susan„
786 3364 866 3445 [an.
884 3367 995 3447 lisa]

533 3481 716 3559 lleobaldi,
732 3481 888 3563 Episcopo
908 3482 1129 3546 maronianae.

395 3602 507 3664 Suana
528 3597 745 3662 incolumitate
768 3611 884 3677 restra,
905 3619 1002 3681 quam
1019 3620 1039 3660 a
1053 3597 1173 3662 nuntiis
1187 3598 1303 3661 restris

350 3699 537 3783 accepimus,
559 3697 705 3761 laetamur
728 3696 914 3781 plurimum,
930 3698 984 3760 sed
1008 3698 1049 3762 de
1064 3722 1101 3762 eo
1121 3700 1236 3764 mentis
1253 3699 1301 3761 iu-

350 3799 510 3879 tegritate‚
519 3819 593 3881 quae
604 3819 710 3861 rerum
723 3796 838 3861 damna
849 3820 911 3861 non
921 3799 1028 3876 sentit,
1040 3801 1299 3885 congratulamur

350 3894 512 3960 Altissimo
523 3895 678 3958 bonorum
695 3897 837 3959 omnium
851 3897 1004 3983 largitori.
1037 3900 1153 3963 Gravis
1169 3900 1299 3985 quidem

349 3997 455 4063 suerat
484 3998 524 4060 de
550 4019 653 4060 rernm
679 3996 807 4082 jactura
829 3999 973 4077 tentatio,
996 4000 1021 4062 ai
1044 4022 1106 4063 non
1129 4004 1162 4064 in
1184 4003 1299 4064 sortem

350 4099 490 4163 animum
507 4097 683 4174 incidisset3
709 4120 817 4161 verum
834 4097 992 4164 fortitudo
1005 4098 1121 4163 clarius
1135 4098 1302 4179 elucescet,

350 4212 374 4276 ,i
396 4201 610 4267 tribulationis
632 4203 705 4285 igne
727 4200 862 4285 probata
885 4199 1012 4265 redierit
1032 4199 1072 4264 ad
1094 4201 1189 4279 ovile,
1212 4200 1299 4287 quod

349 4337 390 4378 ex
406 4301 542 4394 pastoris
557 4301 698 4364 absentia
712 4300 929 4367 insidiantium
946 4303 1101 4367 morsibus
1116 4315 1216 4387 patet.
1232 4306 1300 4368 Nec

349 4427 411 4491 est,
426 4406 540 4472 dilecte
563 4402 673 4480 frater,
695 4403 783 4488 quud
806 4426 862 4467 vos
883 4405 998 4468 amodo
1021 4404 1120 4468 vereri
1142 4417 1302 4490 oporteat,

349 4533 450 4602 quum
466 4508 533 4591 ipse
544 4526 601 4568 rex
613 4504 786 4569 adventum
801 4517 940 4569 vestrum
954 4505 1123 4583 desideret,
1136 4518 1167 4570 et
1180 4528 1302 4592 pacem,

350 4630 381 4681 et
397 4609 596 4678 securitatem
620 4606 833 4670 omnimodam
856 4608 1069 4691 repromittat,
1093 4620 1180 4672 etue
1202 4608 1242 4671 de
1265 4631 1301 4671 ea

349 4712 475 4802 possitis
496 4707 606 4793 aliqua
628 4708 749 4772 ratione
771 4707 930 4783 dubitare,
947 4713 1063 4773 eumin
1081 4730 1178 4774 manu
1195 4724 1304 4774 nostra

350 4815 501 4902 cepimus,
529 4808 680 4875 ducatum
714 4809 801 4873 vobrs
831 4808 954 4886 dantes,
984 4811 1104 4875 amari
1134 4834 1235 4899 usque
1261 4810 1300 4874 ad
