3300 6434
395 1314 459 1370 Μ
658 1321 794 1366 sossius
810 1321 1088 1368 sannsnnsrnasrs
1253 1312 1299 1385 [a.
1316 1331 1347 1374 n.

441 1476 522 1538 Haec
539 1475 609 1551 tibi,
624 1474 750 1550 dilecte,
765 1495 830 1536 nou
852 1486 917 1536 tam
934 1475 974 1537 de
991 1478 1095 1539 serbis
1109 1480 1234 1555 nostris,
1249 1502 1346 1562 qusm

395 1576 436 1639 de
451 1575 548 1639 sacris
559 1573 723 1657 scripturis
735 1586 883 1635 constare
898 1571 1026 1651 debent,
1037 1576 1064 1638 si
1076 1576 1109 1639 in
1120 1597 1160 1640 eo
1170 1578 1347 1661 perstiteris

394 1675 481 1760 quod
510 1674 646 1758 coepisri.
696 1673 773 1736 Sola
801 1675 886 1735 enirn
917 1678 1153 1757 perseverentia
1181 1690 1241 1756 est,
1270 1701 1344 1762 quse

394 1778 543 1840 virtutum
562 1773 704 1838 omnium
726 1775 935 1858 consequitur
954 1777 1102 1840 fructum.
1149 1780 1220 1842 Nee
1235 1780 1300 1855 diu,
1316 1781 1343 1844 si

393 1890 480 1942 recte
503 1878 610 1939 futura
632 1876 783 1952 metiaris,
807 1876 841 1937 in
868 1878 977 1940 labore
1000 1879 1063 1942 isto
1089 1879 1271 1944 sudandum
1296 1893 1346 1944 est

393 1980 464 2056 tibi,
480 1979 556 2061 quia
570 1977 673 2040 oculis
688 1978 752 2040 tuis
770 1978 917 2041 laborum
931 1976 1070 2060 gloriosa
1085 2002 1206 2046 merces
1219 1984 1346 2067 impen-

394 2081 461 2157 det,
484 2092 517 2141 et
540 2090 755 2142 remunerator
781 2088 855 2140 tuus
880 2093 962 2142 astat
986 2081 1019 2143 in
1037 2079 1158 2163 jannis.
1184 2084 1266 2147 ·Pro
1289 2084 1346 2147 illo

392 2180 502 2263 itaque
531 2178 557 2240 si
588 2199 659 2262 quae
695 2178 852 2240 molestiae
890 2178 1013 2242 irruunt
1042 2202 1085 2244 ex
1117 2182 1176 2245 tibi
1205 2183 1346 2265 impacto

392 2282 542 2367 prioratu,
558 2291 591 2343 et
613 2277 653 2342 de
675 2278 892 2343 sollieitudine
915 2281 1092 2345 animarum
1114 2294 1147 2346 et
1165 2305 1346 2367 corporum,

392 2405 465 2469 quse
487 2381 626 2445 humeris
647 2380 722 2456 tuis,
745 2380 786 2443 orl
808 2392 932 2444 rantum
955 2404 1047 2459 onus,
1072 2396 1107 2449 ut
1128 2386 1187 2449 tibi
1210 2386 1347 2463 ridetur,

391 2481 553 2547 debilibus
575 2491 608 2542 et
629 2478 774 2557 inlirmis,
788 2481 939 2563 imposita
960 2494 1021 2557 ost,
1036 2486 1159 2549 sustine
1180 2486 1346 2569 patienter,

391 2584 495 2647 clama
514 2580 556 2644 ad
578 2582 696 2663 ipsum,
711 2582 865 2663 quoniam
887 2602 988 2664 prope
1007 2594 1066 2645 est.
1112 2585 1157 2646 Et
1177 2585 1264 2666 quod
1286 2585 1344 2650 tibi

390 2684 492 2771 gisum
514 2682 606 2745 suerit
627 2682 842 2763 importabile,
865 2683 920 2764 pia
941 2682 1140 2747 confidentia
1163 2685 1287 2766 rejicias
1310 2687 1342 2747 iu

391 2785 540 2849 humeros
562 2782 642 2865 ejus,
665 2782 719 2865 qui
742 2803 835 2846 orem
857 2782 981 2845 revexit
1001 2782 1170 2865 perditam,
1192 2795 1225 2845 et
1246 2785 1344 2846 totius

371 2882 521 2946 ·bumani
539 2882 661 2962 generis
677 2882 709 2942 in
727 2882 815 2962 liguo
829 2880 969 2965 portarit
986 2901 1094 2957 onera,
1109 2881 1242 2965 quando
1257 2884 1343 2964 prin·

389 2985 513 3067 cipatus
528 2983 629 3065 ipsius
651 2983 753 3045 suctus
771 2995 819 3045 est
838 3001 935 3063 super
952 2982 1117 3046 humerum
1138 2983 1216 3068 ejus.
1263 2985 1340 3068 lpse

389 3106 463 3148 vero
484 3096 517 3148 te
540 3084 729 3157 sublevabit,
753 3083 831 3166 quin
852 3082 959 3146 fidelis
980 3095 1041 3161 est,
1060 3097 1094 3149 et
1113 3106 1181 3149 non
1203 3085 1343 3169 patietur

387 3187 501 3251 tentari
524 3208 618 3269 supra
641 3185 674 3247 id
697 3184 783 3269 quod
804 3196 907 3267 potes,
929 3184 985 3247 sed
1011 3186 1107 3249 faciet
1129 3187 1340 3273 tentationem

388 3288 492 3369 ipsam
506 3298 593 3348 tuum
610 3306 679 3347 esse.
694 3286 882 3368 profectum.

416 3562 636 3628 EPISTOLA
660 3562 902 3625 CLXXl.-sn
917 3579 1069 3627 neuneu.
1096 3517 1187 3643 [sn
1202 3562 1312 3643 lton]

760 3694 853 3759 Idem
869 3698 999 3762 Eidem.

429 3813 568 3876 Causam
591 3811 683 3872 exilii
703 3810 766 3872 mci
788 3831 832 3872 ex
855 3810 1009 3873 relatione
1028 3811 1147 3876 Prioris
1167 3812 1206 3876 de
1227 3813 1339 3877 Monta

387 3914 461 3989 Dei,
475 3925 508 3976 et
528 3934 567 3975 err
591 3932 662 3973 mea
678 3911 768 3972 robis
791 3924 902 3974 notam
917 3932 987 3973 esse
1008 3914 1158 3977 arbitror:
1183 3927 1219 3977 nt
1233 3928 1338 3979 tamen

386 4016 476 4078 robis
501 4011 653 4097 liquidius
679 4019 818 4083 constet,
844 4030 915 4071 eam
948 4013 1059 4091 paucis
1085 4034 1224 4095 expono.
1271 4016 1338 4078 Do·

384 4116 471 4179 mino
495 4108 730 4183 Cantuariensi,
745 4117 777 4170 et
794 4106 965 4181 Ecclesioe,
984 4119 1021 4169 ut
1041 4111 1143 4190 potui,
1159 4111 1254 4187 astiti,
1277 4133 1337 4176 nec

385 4231 503 4289 tamen,
519 4213 606 4297 quod
623 4208 820 4276 conscientia
839 4218 921 4270 teste
941 4227 1052 4269 secure
1067 4208 1170 4272 audeo
1185 4210 1336 4293 profiteri,

384 4317 548 4381 dominum
583 4335 689 4394 rogem
726 4310 901 4392 Anglorum
937 4329 979 4372 ex
1014 4309 1182 4394 proposito
1218 4311 1335 4396 injuste

384 4418 514 4483 offendi.
560 4417 635 4496 Ipse
658 4425 777 4489 autem,
797 4422 829 4475 et
851 4432 913 4489 me,
933 4427 966 4474 er
988 4411 1112 4475 fratrem
1135 4434 1242 4476 meum
1264 4436 1338 4498 pro·

383 4517 510 4602 scripsit
532 4514 626 4577 bonis
649 4514 774 4589 nostris,
799 4523 832 4574 et
853 4532 914 4591 ego
937 4511 1072 4575 exilium
1095 4514 1206 4596 patior.
1252 4514 1337 4579 Mihi

383 4639 456 4682 vero
470 4638 531 4681 nec
548 4634 639 4696 opes,
654 4634 714 4677 nec
731 4613 914 4690 amici,·nec
934 4633 1021 4676 arma
1035 4626 1120 4691 snut,
1135 4615 1252 4699 quibus
1268 4627 1336 4680 tan·

383 4732 449 4782 tum
465 4717 643 4800 principem
660 4716 778 4777 valeam
799 4733 994 4797 expugnare,
1011 4726 1066 4777 aut
1085 4735 1167 4800 quas
1182 4715 1222 4779 de
1237 4717 1334 4782 bene·

383 4818 502 4899 placito
524 4837 583 4880 suo
605 4815 684 4878 mihi
707 4828 739 4878 et
760 4815 840 4878 meis
862 4814 966 4892 infert,
987 4816 1172 4900 propulsare
1194 4816 1334 4901 injurias.

383 4913 480 4978 Unde
495 4914 537 4977 ad
551 4923 700 4989 vestrum,
715 4924 748 4975 et
766 4913 900 4977 aliomm
922 4924 1104 4979 sanctorum
1122 4916 1336 4998 patrocinium
