3300 6434
1511 886 1538 925 Ο

550 1028 613 1088 su
807 1040 944 1085 Josnurs
959 1039 1232 1084 stnesnanrnusrs
1406 1025 1452 1100 [s.
1471 1043 1506 1086 n.

550 1212 621 1254 rum
636 1190 771 1255 salutern
787 1201 820 1253 et
840 1187 1127 1273 glorificationem?
1159 1188 1201 1252 Et
1222 1188 1297 1276 quia
1318 1190 1510 1255 memoratis

550 1291 708 1366 fratribus,
732 1302 768 1355 ut
796 1289 953 1364 audimus,
984 1288 1084 1374 pietas
1112 1300 1216 1354 vestra
1245 1292 1446 1376 compatitur,
1469 1303 1511 1356 et

550 1394 730 1458 humanitas
745 1393 884 1457 libenter
904 1391 1062 1468 subvenit,
1078 1413 1150 1457 curn
1167 1393 1261 1457 ciaet
1284 1416 1339 1479 pro
1361 1395 1406 1458 eis
1421 1394 1510 1459 cari·

549 1496 607 1561 tati
622 1508 735 1562 vestrae
749 1495 921 1558 immensas
937 1492 1102 1557 referimus
1120 1494 1248 1577 gratias,
1264 1516 1364 1579 quum
1380 1516 1507 1580 praece-

548 1597 668 1681 peritis,
680 1609 713 1661 et
724 1619 773 1660 res
784 1606 818 1660 et
829 1607 955 1681 tempus
969 1593 1170 1680 expetierint,
1182 1594 1311 1659 relaturi
1325 1597 1506 1680 gratiarum

547 1713 682 1785 quantas
697 1698 871 1784 poterimus
885 1695 1034 1773 actiones,
1047 1697 1126 1762 certi
1140 1696 1271 1783 quidem
1288 1698 1374 1783 quod
1391 1697 1505 1764 Chris·

547 1813 609 1882 tus,
624 1822 720 1885 quem
743 1799 777 1864 in
800 1797 953 1863 membris
974 1797 1039 1862 suis
1060 1797 1102 1862 sd
1123 1819 1263 1883 praesens
1278 1799 1503 1879 consolamini,

546 1924 625 1988 quas
647 1902 755 1984 debet,
769 1900 886 1966 referat
908 1900 941 1964 in
964 1899 1179 1965 misericordia
1198 1899 1298 1982 verbi,
1313 1923 1505 1968 mensuram

546 2004 735 2089 coagitatam
765 2015 799 2067 et
835 2000 1114 2089 supereffluentem
1147 2000 1318 2066 refundens
1348 2001 1380 2065 in
1409 2003 1506 2070 ainus

545 2119 673 2172 vestros.
720 2104 894 2169 Precamur
909 2116 1028 2180 autem,
1044 2114 1078 2167 et
1098 2116 1217 2189 quanta
1240 2125 1406 2187 possumus
1421 2127 1508 2190 sup·

544 2208 714 2293 plicatione
735 2206 945 2292 deposcimus,
962 2217 998 2269 ut
1024 2203 1164 2269 Priorem
1185 2226 1295 2268 eorum
1321 2205 1358 2267 L.
1375 2207 1507 2270 carissi.

544 2330 632 2373 mum
656 2309 822 2373 alumnum
837 2321 977 2373 vestrum
1000 2329 1108 2371 carum
1129 2306 1272 2370 habeatis
1288 2319 1320 2370 et
1336 2329 1400 2380 voa,
1415 2321 1452 2373 et
1468 2310 1506 2375 ei

542 2422 576 2474 et
591 2409 740 2474 iratribus
754 2410 829 2486 suis,
845 2409 877 2472 in
894 2408 1009 2494 quibus
1024 2408 1200 2492 patrocinio
1215 2421 1318 2472 restro
1337 2410 1505 2492 eguerint,

541 2510 694 2574 auxilium
720 2522 754 2572 et
779 2508 945 2573 consilium
972 2508 1173 2592 impendatis,
1195 2520 1229 2572 et
1257 2509 1344 2594 quod
1366 2522 1504 2578 tantum

540 2626 663 2698 patrem
675 2610 768 2674 decet
779 2622 812 2674 et
822 2622 921 2674 tantae
934 2610 1106 2674 nobilitatis
1115 2610 1291 2685 ecclesiam,
1303 2633 1504 2695 pauperum,

540 2734 639 2798 quum
656 2710 842 2796 expedierit,
855 2732 964 2794 preces
975 2711 1210 2793 praeveniendo,
1223 2732 1333 2775 eorum
1346 2713 1505 2796 parcatis,

538 2813 778 2888 erubescentiae,
794 2823 828 2875 et
842 2823 977 2876 vestram
993 2811 1132 2875 dilatetis
1152 2812 1298 2895 gloriam,
1314 2825 1347 2875 et
1369 2815 1505 2878 consci-

537 2917 657 2981 entiam
684 2915 858 2979 mulceatis.
915 2913 958 2977 Et
979 2914 1054 2998 quia
1079 2935 1134 2977 eos
1155 2913 1253 2999 aliqui
1276 2912 1316 2976 de
1339 2912 1501 2982 fratribus

536 3018 657 3095 vestris,
672 3015 758 3101 quod
773 3035 833 3077 nec
849 3013 969 3087 honori,
985 3034 1045 3076 nec
1068 3012 1196 3076 utilitati
1212 3023 1325 3078 vestrae
1346 3016 1499 3098 expedit,

536 3119 704 3183 molestare
733 3116 892 3194 dicuntur,
922 3114 1136 3199 supplicamus
1174 3114 1336 3192 attentius,
1367 3128 1403 3179 ut
1441 3120 1499 3185 eis

536 3243 646 3307 pacem
665 3217 850 3292 reformetis,
867 3227 900 3279 et
913 3215 1025 3278 fratres
1041 3226 1158 3279 vestros
1173 3215 1214 3279 ab
1237 3237 1347 3279 eorum
1363 3215 1499 3302 inquie-

535 3323 654 3386 tatione
669 3317 876 3405 suspendatis.
922 3315 1085 3402 Quicquid
1100 3329 1207 3380 autem
1229 3316 1275 3380 eis
1296 3316 1446 3394 feceritis,
1466 3324 1497 3386 si

534 3423 625 3487 nobis
647 3422 766 3486 lactum
790 3418 974 3495 dixerimus,
999 3417 1155 3481 veraciter
1176 3417 1329 3504 quicquid
1350 3418 1493 3489 dicetur.

536 3524 601 3584 Sed
617 3543 728 3605 parum
744 3521 805 3583 erit
819 3521 861 3583 ad
881 3519 1115 3606 expressionem
1139 3520 1245 3583 meriti
1260 3521 1367 3598 vestri,
1383 3543 1493 3605 quum

535 3621 662 3685 Christo
693 3620 900 3704 personaliter
936 3621 1130 3703 intendatur,
1159 3620 1312 3708 quicquid
1345 3622 1412 3686 istis
1456 3627 1493 3690 in

533 3721 684 3786 alterutra
699 3732 781 3783 sorte
796 3719 872 3781 beni
888 3720 938 3782 vel
953 3720 1030 3783 meli
1045 3722 1221 3785 exhibitum
1237 3722 1341 3786 luerit.

531 3980 750 4043 EPISTOLA
774 3978 1052 4042 CLXXlIl.-·an
1064 3995 1271 4040 wtstssunu
1287 3994 1493 4043 norwicen.

727 4097 792 4141 sau
811 4094 1005 4140 anscerus.
1054 4077 1098 4156 [a.
1117 4095 1147 4138 n.
1167 4078 1275 4156 llud]

824 4210 965 4271 Domino
981 4211 1187 4272 Norwtcensi.

573 4330 663 4404 Sc10,
686 4337 785 4410 pater,
808 4321 893 4408 quod
922 4322 1031 4387 fideles
1053 4338 1171 4387 vestros
1196 4323 1320 4387 sincera
1345 4346 1492 4394 consue.

526 4430 613 4495 vistis
643 4427 773 4491 caritate
803 4424 946 4509 diligere,
974 4437 1007 4487 et
1035 4425 1236 4487 devotionem
1263 4437 1296 4488 et
1325 4427 1491 4514 obsequia

526 4552 636 4593 eorum
667 4538 833 4610 acceptare
863 4537 896 4588 et
934 4547 1136 4589 remunerare
1176 4549 1232 4610 pro
1267 4526 1417 4590 facultate
1449 4547 1492 4598 et

526 4628 649 4692 merito.
697 4626 793 4690 Unde
816 4647 886 4708 ego,
910 4624 985 4708 quia
1011 4627 1173 4689 merobis
1197 4649 1323 4710 semper
1347 4626 1488 4698 fidelem
