3300 6434
339 1200 402 1260 258
595 1209 733 1256 roannrs
749 1204 1029 1254 sanasssaransrs
1092 1169 1095 1173 i
1202 1192 1247 1269 [a.
1263 1211 1295 1253 n.

254 1468 258 1476 ’
342 1473 562 1540 EPISTOLA
588 1472 811 1537 anxit-m
827 1489 1004 1536 aroannam
1022 1489 1177 1536 amasam
1192 1488 1295 1533 sonas.

701 1570 748 1656 [r.
765 1595 795 1638 a.
817 1574 926 1655 noa]

648 1724 792 1788 Ricardo
797 1723 909 1807 fratri
922 1743 990 1786 auo.

386 1868 423 1931 Sr
443 1868 591 1930 affectum
615 1875 670 1927 aut
691 1884 804 1946 preces
827 1885 847 1926 a
869 1876 924 1926 tua
946 1866 1138 1929 salutatione
1160 1887 1294 1948 suspen·

343 1968 461 2045 derem,
475 1967 553 2030 mihi
575 1966 687 2029 salutis
708 1966 858 2049 propriae,
874 1987 945 2049 quae
968 1966 1038 2030 sine
1060 1977 1115 2031 tua
1137 1989 1206 2031 esse
1228 1988 1292 2028 non

342 2080 461 2154 potest,
486 2068 597 2131 merito
625 2066 750 2131 viderer
780 2065 899 2146 gaudia
923 2068 1133 2150 praeclusisse.
1189 2068 1294 2143 Quum

341 2194 417 2255 ergo
431 2192 501 2234 eam
517 2170 557 2234 de
572 2189 659 2233 more
675 2168 880 2233 scribentium
896 2166 936 2232 ad
953 2169 1075 2233 amicos
1097 2170 1214 2253 pagina
1228 2191 1291 2231 non

341 2272 555 2358 praetenderit,
583 2291 648 2334 non
678 2269 754 2333 facit
781 2270 845 2332 hoc
876 2268 1021 2333 defectas
1059 2271 1210 2346 caritatis,
1240 2281 1296 2331 aut

342 2396 422 2437 meae
437 2371 708 2457 pusillanimitatis
723 2381 840 2448 motus,
856 2368 912 2433 sed
935 2370 1165 2453 contemplatio
1182 2390 1293 2433 neces·

327 2475 445 2539 sitatis
468 2485 540 2539 tnae.
586 2475 632 2537 Ut
653 2494 728 2555 ergo
750 2493 823 2535 meo
850 2470 891 2534 de
913 2483 944 2535 te
970 2471 1127 2536 desiderio
1150 2471 1296 2547 satisfiat,

341 2577 428 2640 illius
442 2586 474 2638 te
492 2574 603 2638 salutis
624 2573 869 2657 participatione
892 2574 1008 2637 salutet
1021 2573 1214 2649 Altissimus,
1231 2591 1295 2656 qua

341 2678 431 2758 virgo
445 2695 611 2760 puerpera,
625 2674 717 2758 cujus
731 2674 1039 2756 incorruptissimam
1060 2683 1199 2736 mentem
1220 2693 1292 2734 esse

342 2790 374 2843 et
389 2778 485 2842 fnisse
498 2798 564 2840 non
585 2776 724 2856 ambigo,
740 2775 844 2839 filium
866 2796 958 2846 suum
980 2775 1193 2840 sincerissima
1214 2774 1295 2837 cari·

340 2888 405 2943 tate
423 2877 575 2961 cupiebat
596 2897 665 2942 esse
688 2878 870 2941 salutatum.
914 2876 1044 2943 Miraris
1065 2877 1196 2940 sortasse
1217 2896 1293 2939 cum

320 2992 323 2999 '
341 2979 473 3063 populo,
489 2987 609 3042 etcum
626 2976 740 3039 amicis
760 2975 862 3052 doles,
876 2975 965 3059 quod
986 2997 1112 3061 pacem,
1128 2998 1201 3060 qnae
1216 2976 1295 3039 mihi

341 3100 361 3143 a
382 3077 583 3141 serenissimo
603 3096 679 3157 rege
702 3075 828 3156 Angliar
852 3076 961 3140 oblata
985 3076 1105 3141 dicitur
1129 3098 1210 3154 esse,
1231 3096 1296 3139 non

341 3180 460 3262 recepi,
481 3177 654 3260 prasertim
681 3198 779 3261 quum
805 3176 996 3242 litteratores
1017 3190 1051 3242 et
1072 3179 1218 3242 meliores
1240 3178 1297 3240 viri

342 3299 409 3343 non
434 3277 531 3342 modo
554 3276 749 3356 admiserint,
771 3276 829 3339 sed
856 3276 1006 3341 aviditate
1032 3278 1193 3362 rapuerint
1214 3299 1296 3341 eam.

342 3373 531 3445 Memineris
547 3388 654 3442 autem
669 3398 739 3441 eam
754 3381 815 3441 sub
838 3400 877 3442 ea
897 3379 977 3444 mihi
991 3378 1089 3442 fuisse
1112 3379 1297 3443 conditione

343 3483 494 3559 oblatam,
516 3502 581 3566 qna
603 3481 707 3557 Naue,
723 3480 778 3564 qui
800 3482 931 3548 vertitur
950 3482 986 3546 in
1006 3494 1196 3566 serpentem,
1211 3481 1299 3564 prin·

344 3604 422 3665 ceps
437 3584 574 3647 filiorum
590 3584 708 3656 Amon,
723 3582 778 3665 qui
793 3595 1010 3666 coangustans
1031 3605 1069 3648 ac
1086 3584 1300 3668 comprimens

343 3697 402 3761 est,
417 3696 471 3747 aut
491 3686 630 3768 populns
653 3683 807 3760 moeroris,
823 3685 857 3747 in
881 3684 1154 3750 consoederatione
1173 3687 1300 3749 volebat

342 3783 486 3864 recipere
505 3784 697 3847 habitatores
717 3780 828 3861 labes,
844 3805 916 3868 quae
939 3786 1057 3854 <licitur
1072 3788 1246 3858 exsiccata,
1261 3786 1297 3847 in

343 3882 479 3959 Galaad,
494 3884 605 3946 aculeo
622 3884 774 3950 videlicet
795 3886 978 3953 testimonii.
1024 3889 1132 3972 Inquit
1154 3890 1240 3950 enim
1262 3888 1297 3949 in

345 3987 518 4069 Scriptura,
534 3986 665 4049 Feriam
680 3986 840 4051 colmenar
850 3988 973 4068 sardas,
987 3990 1017 4050 ai
1031 4008 1141 4052 erarem
1155 3991 1301 4050 omnium

344 4098 484 4154 oestrum
506 4090 613 4152 oculos
638 4088 792 4163 declares,
815 4108 998 4171 mamque
1018 4109 1072 4152 vos
1095 4089 1303 4170 opprobrium

346 4191 505 4254 universis
515 4191 932 4272 filiia,etfinibua1arnel.
976 4191 1144 4254 Potueram
1160 4212 1302 4276 namque

344 4292 484 4374 recipere
509 4311 580 4373 quae
601 4289 692 4365 mihi,
706 4303 743 4354 ut
762 4292 887 4375 opinor,
901 4311 959 4374 per
980 4287 1126 4372 injuriam
1152 4292 1300 4355 auserun-

345 4401 407 4469 tur,
422 4390 448 4452 si
464 4399 582 4452 aeterna
595 4389 711 4451 vellem
734 4411 904 4476 usquequa
926 4401 1132 4475 postponere,
1149 4403 1181 4454 et
1202 4391 1300 4455 liber-

343 4500 443 4555 tatem
468 4490 600 4573 spiritus
630 4486 822 4572 pernicioso,
850 4504 883 4555 et
911 4502 997 4555 certe
1027 4493 1298 4573 periculosissimo

345 4604 466 4655 arctare
485 4591 678 4675 juramento.
723 4594 761 4656 In
786 4615 845 4657 suo
868 4615 965 4657 sensu
989 4591 1126 4679 quisque
1149 4595 1300 4658 abundat.

345 4693 419 4773 Ego
434 4693 582 4757 dextrum
603 4694 732 4756 oculum
756 4694 788 4756 in
814 4694 996 4758 coeleatium
1016 4697 1299 4779 contemplatione,

347 4801 379 4852 et
397 4791 461 4853 fido
484 4792 703 4871 invisibilium,
720 4805 752 4856 et
775 4795 951 4858 futurorum
976 4817 1034 4879 spe
1056 4799 1209 4879 occupari
1233 4818 1299 4875 non
