3300 6434
520 1234 559 1294 ls
773 1243 911 1289 ioannis
926 1239 1203 1288 ssnssssasaasrs
1376 1221 1420 1300 [s.
1439 1240 1471 1284 n.

520 1398 687 1483 contingit.
733 1397 834 1459 Porro
857 1394 888 1458 in
918 1394 1103 1480 episcopata
1130 1390 1321 1455 cicestrensi
1347 1388 1471 1455 diutius

520 1498 738 1565 honestissime
764 1508 968 1561 conversatus
991 1507 1051 1573 est,
1075 1507 1107 1557 et
1131 1493 1307 1558 claritatem
1330 1514 1427 1578 quam
1452 1513 1473 1555 a

520 1601 694 1688 majoribus
707 1601 868 1665 contraxit
884 1598 1022 1685 propriae
1038 1597 1167 1662 virtutis
1182 1596 1279 1661 titulo
1296 1592 1471 1669 demeavit,

521 1718 554 1769 et
569 1724 694 1790 semper
708 1702 740 1766 in
756 1701 904 1766 omuibus
918 1700 1005 1788 apud
1027 1723 1084 1766 nos
1102 1699 1227 1765 incessit
1244 1701 1310 1765 sine
1330 1695 1470 1785 querela.

523 1806 606 1869 Hac
625 1803 754 1889 quidem
775 1802 815 1866 de
836 1824 884 1878 eo,
901 1801 993 1865 nobis
1010 1813 1041 1865 et
1058 1799 1229 1865 venerabili
1251 1800 1343 1865 fratri
1363 1810 1471 1863 nostro

522 1902 713 1969 Cicestrensi
727 1900 887 1987 episcopo,
903 1912 935 1963 ct
957 1899 1027 1963 aliis
1047 1899 1230 1976 convicinis,
1242 1897 1358 1966 celebri
1373 1897 1472 1964 totius

522 2003 694 2092 provinciae
710 1999 895 2078 testimonio
905 2015 982 2064 nota
996 2012 1081 2063 sunt.

699 2233 920 2298 EPISTOLA
944 2235 1124 2297 XVl.-sn
1138 2252 1293 2299 aaronis.

862 2366 1007 2428 Adriano
1022 2367 1133 2447 Papo.

567 2502 606 2568 Is
630 2524 736 2581 causa,
751 2520 827 2587 quae
850 2497 932 2563 inter
949 2500 990 2563 G.
1008 2499 1138 2563 latorem
1154 2499 1269 2564 borum
1292 2513 1324 2565 et
1349 2503 1472 2588 Grego-

523 2606 605 2672 rium
632 2603 792 2690 quendam
817 2601 1013 2677 vertebatur,
1040 2600 1071 2663 in
1102 2598 1301 2686 praesentiam
1331 2615 1469 2666 nostram

522 2731 579 2794 per
602 2705 846 2794 appellationem
870 2715 983 2778 tracta,
1007 2701 1066 2766 hoc
1089 2703 1185 2766 modo
1205 2725 1387 2789 processum
1410 2718 1470 2770 est.

523 2813 612 2894 Aug.
627 2807 712 2871 filius
728 2804 877 2891 Gregorii
888 2816 919 2868 et
931 2818 1120 2891 procurator
1132 2805 1291 2869 asserebat
1305 2805 1469 2869 dominum

523 2932 615 2976 suum
643 2907 803 2972 ecclesiam
827 2906 868 2971 de
891 2905 1002 2971 Becles
1024 2905 1207 2991 possedisse,
1227 2930 1329 2994 eaque
1350 2908 1471 2993 absque

522 3011 633 3076 ordine
643 3009 817 3096 judiciario
831 3007 1016 3096 spoliatum,
1032 3007 1126 3071 laicos
1141 3007 1310 3094 quosdam,
1321 3022 1354 3074 et
1371 3031 1469 3074 unum

520 3112 680 3189 clericum,
697 3135 793 3200 quem
817 3111 877 3178 iste
897 3111 1059 3175 inimicam
1081 3133 1176 3175 suum
1196 3126 1345 3177 causatus
1362 3125 1422 3191 est,
1435 3112 1469 3177 ia

522 3241 588 3283 suae
610 3214 788 3280 assertionis
811 3213 1029 3279 testimonium
1057 3212 1262 3298 producebat
1306 3215 1338 3277 Ε
1360 3228 1471 3298 contra

522 3317 703 3385 Gaufridus
730 3315 923 3398 Gregorium
950 3314 1124 3400 possedisse
1154 3313 1308 3389 inficians,
1334 3315 1471 3394 dicebat,

522 3435 594 3510 post
610 3435 756 3505 tempora
774 3417 841 3493 illa,
856 3415 1029 3501 dequibus
1054 3418 1141 3501 Aug.
1158 3415 1359 3501 loquebatur,
1377 3418 1469 3482 Bald.

522 3523 681 3611 quendam
698 3543 755 3608 per
770 3518 917 3584 abbatem
934 3517 1019 3581 beati
1040 3518 1216 3592 Edrnundi,
1231 3529 1264 3581 et
1278 3530 1469 3582 conventum

522 3626 650 3689 domino
672 3618 865 3687 Norwicensi
886 3620 927 3683 ad
950 3621 1116 3706 praefatam
1140 3618 1299 3684 ecclesiam
1321 3618 1352 3682 in
1376 3620 1471 3705 plena

525 3725 647 3811 synodo
657 3724 754 3787 luisse
765 3735 1039 3805 repraesentatum,
1050 3745 1218 3809 quumque
1229 3721 1376 3786 dominus
1389 3721 1471 3786 Nor·

525 3824 675 3900 nicensis,
688 3836 795 3888 utrum
811 3822 919 3887 eadem
936 3823 1067 3888 ecclesis
1078 3838 1213 3899 vacaret,
1225 3823 1394 3908 diligenter
1408 3823 1472 3888 dis·

524 3926 683 4016 quisisset,
700 3924 809 3989 habito
830 3937 969 3989 tractatu
991 3946 1065 3988 cum
1086 3924 1241 3989 fratribus
1254 3925 1388 4009 capituli
1402 3948 1471 3991 eam

523 4053 633 4095 vacare
644 4026 805 4113 respondit
818 4026 1059 4091 archidiaconus
1071 4026 1194 4090 caeteris
1204 4025 1429 4100 attestantibus
1439 4030 1470 4094 ia

522 4131 653 4220 publica
666 4129 829 4194 audientia
849 4142 881 4193 et
899 4129 946 4192 ita
966 4126 1185 4192 introductum
1208 4128 1247 4190 Β.
1265 4130 1471 4208 memorabat,

520 4234 571 4300 cui
586 4246 619 4298 et
634 4232 693 4297 iste
715 4255 748 4295 se
768 4230 953 4295 successisse
968 4228 1137 4305 referebat,
1153 4226 1314 4313 ingressus
1329 4230 1378 4293 sui
1394 4235 1471 4297 satis

522 4335 637 4400 idonea
656 4331 818 4419 proferens
833 4332 1052 4397 instrumenta.
1098 4333 1183 4413 Aug.
1199 4352 1274 4392 vero
1288 4342 1383 4395 testes
1399 4354 1472 4397 suns

521 4434 625 4501 audiri
648 4432 801 4499 instanter
816 4431 1010 4519 postulabat.
1056 4430 1181 4495 Deinde
1196 4429 1375 4495 Gaufridus
1391 4433 1473 4496 Gre-

521 4536 645 4621 gorium
663 4558 718 4621 per
736 4548 972 4620 procuratorem
996 4555 1119 4616 semper
1141 4531 1278 4616 litigare,
1293 4554 1470 4619 numquam

521 4638 569 4701 sui
585 4638 707 4722 copiam
724 4636 839 4709 facere,
855 4656 955 4717 quum
974 4648 1078 4697 tamen
1095 4656 1200 4712 sanus,
1215 4645 1247 4695 et
1262 4657 1362 4721 prope
1377 4648 1469 4711 esset,

522 4739 728 4824 querebatur,
740 4735 900 4821 adjiciens,
915 4735 941 4797 si
958 4756 1120 4818 personam
1138 4735 1207 4818 ejus
1222 4735 1352 4811 videret,
1365 4737 1469 4822 ipsum

522 4840 615 4904 talem
636 4861 703 4901 esse
718 4850 932 4912 ostensurum,
949 4834 1036 4920 quod
1052 4858 1110 4900 nea
1133 4835 1213 4898 hanc
1235 4837 1397 4903 ecclesiam
1415 4860 1472 4901 nec
