3300 6434
353 1220 547 1299 ilco-66]
734 1242 913 1287 uersronn.
1239 1234 1304 1293 too

351 1390 539 1455 cismarinis.
585 1392 694 1454 Retuli
716 1392 778 1455 hoe
802 1393 843 1456 ad
866 1394 1032 1457 domiuum
1055 1416 1185 1478 papam,
1201 1410 1233 1461 et
1255 1419 1304 1462 re·

349 1491 481 1575 spondit
495 1514 601 1575 regem
615 1508 647 1556 et
661 1494 782 1557 curiam
805 1496 1062 1580 interpretaturos
1076 1496 1174 1560 fuisse
1190 1511 1302 1564 contra

348 1594 417 1676 ejus
432 1594 596 1669 honorem,
611 1595 638 1657 si
654 1594 766 1677 quida
782 1617 834 1658 me
850 1597 968 1658 sactum
989 1608 1177 1676 agnosceret
1192 1610 1304 1663 contra

346 1693 448 1778 ipsius
463 1696 669 1772 voluntatem,
685 1707 717 1759 ct
739 1696 890 1760 dissuasit
909 1718 949 1761 ne
972 1699 1033 1760 sub
1055 1719 1095 1761 ea
1116 1697 1302 1764 conditione

347 1795 494 1873 redirem,
517 1798 575 1860 sed
599 1810 812 1881 expectarem,
837 1810 873 1861 ut
898 1800 945 1863 ira
971 1799 1040 1883 ejus
1066 1800 1302 1884 aliquantulum

348 1895 529 1960 deferveret.
577 1898 704 1962 Deinde
732 1901 983 1963 sollicitaverunt
1012 1922 1063 1964 me
1093 1900 1237 1984 quidam,
1266 1916 1304 1965 ut

347 2011 530 2080 praestarem
545 2000 758 2074 securitatem,
775 1999 862 2081 quod
877 2001 910 2062 in
927 2002 1014 2063 nullo
1038 2000 1193 2084 deinceps
1210 2002 1303 2085 juva·

348 2119 414 2161 rem
429 2100 722 2184 arehiepiscopum,
738 2113 772 2164 ut
787 2102 835 2164 sic
849 2100 985 2164 redirem
1000 2102 1034 2163 in
1057 2102 1190 2181 gratiam
1207 2103 1301 2182 regis.

346 2199 420 2280 Ego
435 2210 552 2274 autem,
566 2202 641 2265 licet
655 2222 720 2263 non
737 2211 847 2264 tenear
868 2201 1113 2283 archiepiscopo
1136 2200 1177 2263 ad
1199 2202 1303 2266 fideli·

347 2311 444 2364 tatem
456 2324 496 2365 ex
512 2302 655 2367 hominio
667 2304 716 2365 vel
726 2303 920 2386 juramento,
931 2323 992 2366 nec
1009 2302 1083 2365 fidei
1096 2302 1304 2385 obligatione,

349 2415 459 2486 utpote
489 2406 545 2487 qui
573 2405 654 2467 nihil
684 2405 714 2468 ei
744 2403 859 2482 debeo,
884 2404 946 2467 nisi
976 2403 1204 2482 obedientiam,
1229 2427 1301 2490 quae

239 2575 243 2580 ,
347 2507 435 2570 omni
450 2508 604 2590 episeopo
620 2507 752 2569 debetur
767 2527 786 2568 a
801 2506 958 2590 subjectis
976 2506 1063 2569 suis:
1097 2507 1174 2589 quia
1195 2518 1302 2572 tamen

347 2608 550 2671 inhonestum
562 2608 682 2671 credidi
696 2630 767 2670 esse
779 2607 945 2671 dominum
957 2610 1125 2689 abnegare,
1138 2619 1171 2671 et
1186 2630 1302 2674 renun-

346 2708 425 2773 tiare
448 2709 650 2788 obedientiae,
673 2709 760 2793 quod
781 2711 889 2772 nullus
911 2709 1017 2774 adhue
1040 2710 1080 2774 de
1106 2720 1176 2773 toto
1201 2733 1302 2793 regno

346 2810 431 2889 lecit,
443 2810 660 2874 conditionem
677 2813 760 2875 hanc
773 2811 993 2893 recipiendam
1006 2833 1076 2875 esse
1091 2833 1155 2874 non
1169 2813 1300 2877 credidi.

347 2909 440 2973 Alias
455 2922 560 2973 autem
583 2911 738 2993 quicquid
756 2912 845 2973 salva
860 2912 1059 2975 conscientia
1073 2925 1105 2976 et
1120 2915 1203 2977 lama
1224 2936 1299 2997 pos·

348 3030 427 3083 sem,
448 3011 583 3071 libenter
603 3010 750 3072 facerem.
796 3010 903 3082 Quum
926 3012 996 3074 haec
1021 3012 1152 3075 domino
1178 3015 1300 3079 Retho-

347 3111 500 3191 magensi,
516 3109 557 3172 de
581 3131 646 3192 quo
670 3111 804 3173 multum
829 3110 971 3189 confido,
995 3132 1202 3194 exponerem,
1220 3114 1299 3178 mihi

347 3222 530 3275 constanter
544 3212 698 3275 auxilium
714 3212 902 3293 repromisit.
941 3213 1073 3277 Placeat
1087 3214 1195 3298 itaque
1207 3217 1298 3280 vobis

344 3314 424 3376 mihi
439 3314 618 3397 superhaec
640 3316 811 3377 rescribere
828 3315 995 3378 consilium
1010 3327 1159 3393 vestrum,
1175 3317 1299 3380 sciatis·

346 3436 408 3498 que
423 3436 480 3497 pro
497 3428 593 3489 certo,
610 3416 685 3499 quia
707 3416 785 3477 mihi
807 3416 1007 3497 propositum
1023 3426 1081 3491 est,
1096 3427 1132 3477 ut
1149 3438 1213 3477 non
1237 3417 1296 3479 sim

346 3516 386 3579 de
402 3526 516 3580 caetero
531 3516 675 3579 curialis:
702 3529 734 3577 et
748 3515 810 3576 hoo
828 3516 932 3597 ipsum
950 3517 1031 3577 bene
1044 3516 1133 3578 novit
1148 3515 1298 3581 dominus

349 3616 599 3691 Cantuariensis,
614 3637 633 3679 a
647 3616 739 3699 cujus
754 3634 805 3676 me
821 3615 965 3678 subtraxi
981 3615 1151 3696 consortio,
1166 3618 1223 3681 sed
1238 3640 1298 3682 nec

348 3715 444 3780 fidem
461 3716 624 3791 subtraho,
639 3736 700 3778 nec
716 3716 890 3778 caritatem.

393 3971 613 4036 EPISTOLA
637 3974 881 4038 CXLlll.-an
897 3993 1078 4039 unaarcuu
1093 3995 1248 4041 contrari

549 4092 740 4138 caMPANIAE.
790 4075 1084 4156 [a.n.1165-66.]

679 4206 798 4269 Comilt'
813 4207 965 4269 Hearico.

390 4325 489 4395 Quor>
504 4325 700 4406 proscriptus
715 4335 748 4385 et
767 4325 855 4396 exul,
870 4335 991 4387 tantam
1014 4327 1161 4409 alloquor
1182 4330 1296 4415 majes-

345 4429 456 4495 tatem,
468 4433 500 4484 et
515 4422 655 4504 publicis
666 4422 907 4485 incumbentem
922 4425 1123 4500 utilitatibus,
1136 4427 1177 4491 ad
1192 4431 1297 4512 philo-

345 4522 553 4606 sophantium
583 4522 746 4599 exercitia,
775 4524 899 4585 inculto
937 4526 1111 4607 praesertim
1140 4532 1234 4613 style,
1264 4545 1297 4597 ct

344 4624 501 4705 exsangui
518 4644 632 4704 genero
649 4623 809 4698 dictionis,
823 4627 871 4687 vel
884 4625 925 4688 ad
941 4639 1137 4691 momentum
1149 4652 1297 4699 revocare

344 4746 441 4789 ausus
456 4748 536 4804 sum,
553 4725 718 4789 temeritati
737 4739 845 4810 posset
860 4727 1008 4804 adscribi,
1024 4730 1088 4792 nisi
1109 4736 1296 4814 parvitatem

345 4847 450 4891 meam
476 4828 741 4909 supereminentis
763 4829 915 4892 bonitatis
930 4842 1041 4895 vestrae
1065 4833 1198 4915 erigeret
1219 4858 1296 4903 con-
