3300 6434
347 1170 453 1249 llud]
723 1183 903 1228 urrsrours.
1229 1164 1300 1223 ⁶298·

342 1341 428 1403 misit
448 1341 617 1413 incestum,
640 1349 674 1400 et
697 1335 902 1418 parricidium
925 1335 1120 1398 committere
1142 1334 1293 1417 dispone·

342 1441 406 1504 bat.
462 1440 591 1503 Dicitur
624 1437 673 1516 (et
703 1438 823 1499 utinam
861 1436 974 1498 salsum
1015 1433 1089 1514 sitt)
1127 1435 1293 1498 dominum

344 1539 602 1604 Londoniensem
629 1550 662 1601 et
689 1535 778 1600 illum
805 1558 910 1599 meum
940 1537 1078 1598 amicum
1105 1537 1292 1619 episcopum

345 1643 578 1707 cicestrensem
606 1641 769 1704 ministros
794 1638 972 1721 iniquitatis
1000 1659 1120 1701 armare
1144 1640 1297 1703 adversus

345 1746 539 1820 Ecclesiam,
577 1756 610 1807 et
647 1742 888 1807 Cantuarieusis
925 1742 1169 1824 Archiepiseopi
1208 1741 1296 1806 sitire

343 1847 542 1927 sanguinem,
555 1859 586 1909 et
601 1846 634 1908 id
649 1866 754 1926 agere,
764 1854 801 1907 ut
814 1844 843 1905 ei
859 1863 1032 1925 numquam
1045 1842 1165 1906 reditus
1176 1852 1294 1924 pateat.

346 1947 514 2031 Numquid
543 1948 655 2011 timent
683 1967 724 2009 ne
753 1944 861 2008 feritas
890 1954 1103 2022 mansuescat,
1129 1956 1194 2019 aut,
1220 1956 1297 2007 uta

346 2049 503 2113 Cicerone
525 2062 710 2133 usurpatum
733 2060 792 2124 est,
806 2068 848 2110 ue
870 2046 1018 2127 refrigeat
1036 2047 1128 2110 hesta
1150 2045 1297 2123 Caesaris,

344 2163 399 2214 aut
414 2152 539 2232 gladius
561 2149 754 2214 hebetetur?
793 2148 857 2212 Sed
879 2168 939 2230 ego
962 2147 1050 2230 quod
1075 2168 1141 2209 non
1166 2147 1296 2230 plurimi

348 2252 486 2314 fabulam
503 2265 591 2337 puto.
623 2253 740 2335 Neque
756 2252 842 2314 euim
853 2250 934 2314 tanti
946 2249 1126 2312 sacerdotes
1136 2249 1298 2332 sapientes

346 2363 432 2432 suut,
450 2366 484 2417 ut
505 2355 624 2417 faciant
637 2355 731 2431 mala,
747 2352 923 2436 praesertim
946 2372 1044 2434 quum
1060 2350 1124 2434 ipsi
1140 2350 1296 2426 noverint,

345 2456 496 2535 quoniam
513 2455 540 2516 si
553 2455 706 2538 iniquitas
721 2455 929 2537 praevaluerit.

522 2574 606 2625 Poena
617 2591 750 2638 reversura
763 2579 803 2626 est
815 2574 841 2626 in
854 2579 931 2643 ceput
942 2575 993 2625 iste
1004 2590 1088 2625 snum.

349 2688 461 2769 Neque
484 2688 569 2749 enirn
590 2710 646 2750 eos
668 2690 765 2750 latere
789 2699 892 2771 potest
915 2687 1078 2770 quomodo
1101 2687 1141 2750 de
1164 2688 1296 2751 rhamno

345 2788 379 2849 in
401 2810 510 2869 regem
532 2789 703 2851 sublimata
728 2788 813 2868 ignis
837 2809 981 2868 egressus
1008 2797 1066 2863 est,
1090 2789 1146 2871 qui
1169 2789 1299 2852 devorat

348 2889 462 2953 cedros
478 2890 602 2952 Libani.
647 2891 739 2966 Vale,
755 2902 787 2951 et
801 2890 944 2952 officiose
960 2892 1062 2952 saluta
1078 2913 1158 2973 quos
1172 2891 1298 2954 noveris

347 2987 545 3068 salutandos,
566 2989 623 3053 sed
648 2992 766 3054 affectu
785 2991 949 3074 praecipuo
970 3003 1112 3054 matrem.
1158 2993 1299 3074 Impetrn

348 3090 444 3154 nobis
464 3091 642 3154 orationum
663 3091 823 3173 suffragia,
839 3112 880 3154 ne
900 3112 960 3153 nos
975 3113 994 3154 a
1011 3091 1060 3154 via
1082 3112 1141 3154 sua
1160 3092 1299 3174 patiatur

350 3193 509 3256 Dominus
531 3194 685 3271 aberrare,
700 3191 758 3256 sed
779 3215 838 3276 pro
858 3194 1062 3276 beneplacito
1078 3212 1148 3270 suo,
1162 3192 1227 3256 sive
1243 3214 1300 3276 per

348 3314 509 3378 prospera,
524 3295 589 3358 sive
612 3315 671 3377 per
691 3292 834 3372 adversa,
852 3295 1054 3377 triumphatis
1076 3293 1299 3357 affectionibus

346 3397 461 3471 carnis,
479 3407 510 3458 et
525 3396 609 3459 vitiis
624 3396 773 3458 omnibns
787 3416 825 3456 eo
842 3394 980 3458 deducat
994 3405 1026 3456 et
1039 3394 1201 3477 pertrahat
1215 3392 1299 3456 unde

348 3497 527 3575 exulantes,
542 3499 575 3559 in
591 3517 641 3572 eo,
656 3496 735 3558 etin
750 3494 845 3557 nobis
866 3494 1079 3576 despiciamus
1093 3495 1251 3573 inferiora,
1266 3506 1299 3560 et

348 3596 580 3677 compatiamur
615 3596 748 3672 miseris,
778 3595 832 3677 qui
868 3594 963 3658 modo
1000 3587 1086 3659 circa
1122 3593 1298 3662 sarcinulas

348 3697 506 3762 Ecclesiae
521 3705 555 3760 et
569 3708 693 3759 nostras
708 3695 906 3778 diripiendas
920 3696 1074 3760 inutiliter
1089 3711 1295 3781 occupantur.

358 3972 585 4037 EPISTOLA
609 3974 863 4039 CLXXX.—rn
885 3992 1084 4040 urersrnnn
1105 3992 1285 4038 nrunmnn

622 4101 767 4149 menon.
793 4084 843 4163 [n.
856 4104 887 4148 o.
908 4085 1015 4164 1166]

475 4243 638 4322 Maqietro
649 4209 795 4318 liedulfo
810 4241 918 4322 Niyro
931 4244 1028 4306 Jeau.
1042 4243 1168 4305 Serere.

391 4376 657 4438 Excusauonnr
676 4396 740 4457 qua
759 4374 1000 4438 diuturnitatem
1023 4376 1141 4438 silentii
1161 4390 1301 4460 purgare·

348 4476 525 4554 studuistis,
547 4476 631 4541 sicut
652 4476 828 4560 probabilis
849 4488 908 4554 est,
930 4479 975 4541 ita
998 4478 1165 4562 probatam
1188 4478 1293 4540 habeo

348 4590 381 4642 et
410 4589 586 4662 acceptam,
615 4581 720 4642 sciens
749 4577 914 4642 dilectioni
950 4590 1061 4642 restrae
1095 4599 1295 4664 nequaquam

348 4679 546 4763 diligentiam
562 4679 711 4756 defuisse,
726 4680 782 4743 sed
797 4679 862 4764 ipsi
877 4678 1053 4762 diligentiae
1069 4701 1134 4743 non
1157 4681 1294 4745 astitisse

348 4784 516 4846 fortunam.
548 4783 600 4846 Eo
612 4792 717 4846 autem
730 4781 770 4845 de
781 4780 946 4863 diligentia
957 4783 1073 4846 clarius
1084 4782 1196 4867 liquet,
1208 4782 1295 4870 qnod
