3300 6434
361 1183 425 1243 248
620 1198 755 1246 rossum
770 1197 1047 1246 smssnunmssm
1218 1186 1264 1265 [u.
1280 1201 1311 1246 n.

361 1353 472 1429 exilio,
495 1350 551 1414 sed
574 1363 733 1414 memento
760 1351 836 1434 quie
865 1349 946 1414 nihil
973 1353 1140 1416 intulimus
1163 1353 1197 1415 in
1224 1352 1310 1415 hunc

359 1453 525 1529 mundum,
541 1452 599 1515 sed
614 1473 674 1515 nec
694 1453 862 1517 efferemus
884 1453 1024 1536 quidem.
1070 1456 1160 1517 Deus
1180 1475 1307 1517 causam

353 1554 522 1639 justificet,
537 1552 686 1637 quonism
709 1565 741 1616 et
763 1574 821 1634 ego
845 1553 976 1617 confido
992 1553 1113 1637 justum
1136 1576 1217 1631 esse,
1232 1554 1309 1638 quia

359 1654 502 1717 conditio
532 1674 603 1715 mee
627 1674 692 1715 non
723 1651 818 1715 modo
845 1653 921 1715 mihi
953 1655 1126 1717 tolerabilis
1154 1666 1218 1729 est3
1249 1652 1308 1716 sed

354 1753 511 1838 jucunda,
534 1754 705 1835 praesertim
728 1773 827 1836 quum
851 1753 892 1816 ad
915 1774 1046 1818 causam
1068 1755 1221 1839 respicio:
1244 1773 1305 1816 nec

358 1854 433 1918 dico
449 1855 525 1937 quin
548 1854 701 1917 amariora
720 1854 900 1931 meruerim,
915 1854 974 1917 sed
995 1857 1052 1918 ille
1074 1855 1152 1917 mihi
1167 1876 1187 1918 a
1201 1875 1306 1936 perse·

357 1967 492 2039 quutore
527 1977 592 2019 non
622 1967 837 2038 opponuntur,
867 1955 925 2018 sed
958 1968 1127 2040 peccatum
1163 1958 1305 2040 punitur.

357 2054 534 2137 Flagellum
569 2054 770 2139 purgationis
799 2075 878 2118 mere
915 2066 1074 2138 gratanter
1109 2057 1249 2139 excipio,
1278 2056 1306 2119 si

355 2158 510 2239 probetur
530 2156 696 2242 patientie,
710 2175 803 2238 spero
824 2157 900 2240 quie
917 2156 1066 2239 proficiet
1079 2158 1120 2221 ad
1135 2178 1303 2221 coronam:

272 2294 276 2301 ·
355 2258 383 2321 si
398 2257 444 2321 sic
460 2270 495 2320 ut
510 2258 659 2340 superbie
672 2264 853 2321 conteretur
867 2256 1003 2339 affligor,
1014 2258 1084 2321 scio
1100 2259 1176 2341 qnia
1190 2257 1306 2321 devote

355 2358 517 2421 humilitas
547 2356 736 2421 conscendit
763 2356 805 2420 sd
834 2357 977 2437 gloriam.
1034 2360 1171 2425 Constat
1198 2370 1303 2423 autem

355 2457 443 2541 quod
459 2479 553 2521 omne
568 2459 727 2540 flagellum
747 2457 879 2542 prodest
900 2459 1045 2544 patienti,
1062 2460 1149 2546 quod
1169 2459 1211 2523 ad
1225 2480 1302 2522 con·

355 2570 508 2642 temptum
529 2558 639 2622 mundi
654 2569 686 2622 et
701 2559 849 2621 virtutum
871 2561 1026 2624 exercitis
1040 2559 1145 2624 reddit
1158 2562 1300 2624 animum

353 2659 543 2741 proniorem.
589 2658 624 2722 si
643 2658 729 2721 enim
752 2657 880 2722 indurat
901 2660 1040 2724 animum
1059 2660 1231 2723 acerbioris
1247 2680 1301 2740 ge·

353 2760 468 2823 bennae
483 2760 638 2834 stimulus,
649 2758 758 2844 opinio
769 2760 934 2824 brutorum
949 2761 1114 2825 hominnm
1128 2773 1177 2825 est
1189 2761 1303 2823 merita

353 2882 396 2924 ex
410 2861 577 2925 eventibus
591 2881 661 2924 esse
676 2860 854 2946 pensanda,
866 2883 965 2945 quum
976 2861 1058 2946 justi
1072 2862 1136 2926 sint
1149 2861 1255 2945 impiis
1269 2863 1303 2924 in

353 2961 493 3026 derisum
519 2974 553 3026 et
574 2961 813 3026 similitudinem
843 2963 1045 3047 improperii;
1078 2964 1137 3027 sed
1166 2973 1303 3045 expecta

351 3065 513 3129 modicum
525 3078 557 3129 et
568 3114 576 3128 .
587 3113 594 3129 .
606 3110 614 3126 .
628 3113 634 3126 .
650 3066 746 3128 etiam
758 3075 923 3147 respectus
935 3085 1044 3128 eorum
1055 3078 1089 3130 et
1098 3066 1225 3130 interim
1236 3087 1301 3129 non

350 3175 401 3228 est
411 3186 475 3248 pax
487 3166 610 3249 impiis;
625 3175 657 3228 et
672 3164 855 3248 aequissimo
873 3165 935 3228 Dei
946 3165 1072 3250 judicio
1086 3178 1303 3251 persecutores

345 3264 478 3349 justitio
508 3287 527 3329 a
556 3287 589 3329 se
625 3263 764 3328 invicem
802 3265 1020 3342 colluduntur,
1048 3276 1301 3350 prosternuntur,

349 3369 591 3449 confringuntur
612 3379 645 3431 et
667 3378 808 3451 pereunt.
853 3368 966 3431 Justus
989 3379 1095 3432 autem
1117 3369 1211 3431 etiam
1227 3366 1299 3430 dor-

348 3468 451 3531 miens
466 3466 506 3531 de
522 3467 662 3531 inimicis
680 3467 745 3530 suis
768 3478 857 3529 tanto
878 3467 1059 3548 gloriosius,
1073 3478 1192 3552 quanto
1206 3468 1301 3529 inno·

348 3569 471 3631 centius
490 3568 708 3650 triumphabit.
762 3568 844 3640 Quis
867 3570 1007 3649 speravit
1032 3570 1065 3632 in
1091 3570 1242 3646 Domino,
1265 3578 1299 3630 et

347 3664 518 3728 derelictus
533 3664 604 3729 esti
627 3678 786 3761 quaeretur
805 3668 846 3729 ab
866 3666 960 3730 initio
981 3670 1145 3750 temporis,
1159 3668 1216 3732 sed
1236 3688 1295 3730 nec

347 3763 379 3824 in
395 3763 568 3825 novissimo
583 3765 637 3827 dio
653 3767 770 3847 poterit
785 3766 923 3848 reperiri.

361 4004 582 4068 EPISTOLA
605 4004 830 4067 CLVIL-so
846 4022 1009 4068 soouemr
1025 4022 1068 4067 os
1084 4022 1273 4067 smnsrrrur.

714 4105 759 4186 [r.
771 4123 803 4168 n.
823 4105 933 4185 rme]

346 4239 467 4322 Royero
481 4242 521 4304 de
537 4240 718 4315 Sideberia,
726 4240 760 4302 J.
775 4241 925 4318 salutem,
937 4248 968 4302 et
980 4239 1025 4301 ad
1040 4245 1188 4321 optatum
1204 4239 1296 4301 bene·

386 4342 540 4405 dictionis
542 4344 710 4422 fructum,
721 4361 830 4403 omnes
843 4342 911 4402 alio
924 4343 996 4404 sine
1007 4343 1225 4422 provolantes,
1236 4349 1295 4404 aut

380 4443 615 4525 procurrentis
637 4448 698 4503 aut
719 4441 956 4523 prepedientis
979 4441 1140 4504 obstaculo
1162 4444 1211 4504 vel
1232 4462 1295 4503 mo·

385 4546 479 4607 lectio
483 4546 637 4627 feliciter
647 4546 838 4626 provenire.

384 4677 506 4754 Srsso,
521 4677 739 4753 dilectissime,
753 4676 830 4757 quia
852 4675 1047 4742 desiderium
1064 4700 1167 4742 meum
1183 4681 1215 4741 in
1231 4679 1292 4742 hac

340 4793 374 4835 re
388 4774 482 4838 facile
506 4776 740 4860 adimplebitur,
762 4777 825 4840 nisi
847 4778 928 4842 sorte
951 4780 1024 4842 Ric.
1049 4779 1089 4842 de
1113 4781 1291 4857 Sideberia,
