3300 6434
350 1256 548 1336 1156-64.]
749 1274 928 1319 sorssors.
1240 1256 1297 1319 rel

344 1424 384 1488 sit
407 1425 448 1488 ob
469 1425 654 1511 hujusmodi
674 1447 801 1488 causam
825 1424 1051 1509 projiciendus.
1099 1428 1297 1513 Hucusque

343 1538 560 1611 contemptum
581 1539 731 1599 vestrum,
750 1537 924 1609 utcumque
944 1538 1119 1610 portamus,
1134 1527 1240 1591 adhuc
1256 1528 1296 1599 de

344 1627 485 1711 periculo
500 1628 613 1693 animae
629 1641 693 1693 tuae
716 1640 748 1692 et
763 1628 858 1690 famae
873 1626 1029 1705 dolemus,
1045 1643 1077 1692 et
1099 1642 1130 1693 te
1154 1629 1297 1713 profecto

344 1728 410 1792 sine
425 1751 511 1792 mora
526 1729 633 1793 dolere
648 1729 810 1805 faciemus,
828 1728 887 1792 nisi
904 1728 1000 1794 vitam
1018 1744 1106 1794 tuam
1128 1734 1159 1794 in
1184 1729 1296 1795 melius

342 1831 598 1909 commutaveris,
609 1844 641 1895 et
656 1831 770 1895 domus
786 1845 851 1896 tuae
863 1831 978 1895 famam
989 1832 1182 1897 correctione
1196 1836 1296 1897 celere

343 1932 505 1996 studueris
517 1933 696 1997 reformare.
727 1932 946 2020 Apostolicum
960 1958 1096 2022 namque
1110 1935 1296 1999 mandatum

343 2047 374 2096 et
390 2034 621 2118 increpationes
636 2035 841 2120 suscepimus,
857 2057 930 2119 quae
951 2036 1042 2100 nohis
1064 2034 1209 2099 indicunt
1233 2057 1295 2098 non

342 2159 408 2198 esse
424 2137 629 2221 parcendum,
646 2138 672 2202 si
697 2138 754 2201 tihi
780 2137 918 2201 ulterius
942 2138 1174 2224 pepercerimus
1196 2138 1226 2200 in
1247 2159 1294 2201 er-

345 2238 470 2302 roribus
501 2240 573 2303 tuis.
632 2239 770 2303 Proinde
799 2239 831 2301 in
864 2240 983 2303 virtute
1019 2239 1209 2304 obedientiae
1238 2238 1296 2303 tibi

344 2341 560 2427 preacipiendo
584 2343 783 2421 mandamus,
808 2353 845 2405 ut
872 2341 1043 2427 praefatum
1075 2342 1248 2424 Hugonem
1278 2365 1298 2404 a

343 2443 558 2507 familiaritate
588 2465 619 2508 et
649 2442 886 2508 conversatione
916 2443 1031 2506 domus
1059 2456 1123 2508 tuoe
1152 2465 1297 2506 amoveas

344 2545 428 2607 infra
450 2546 621 2631 septimum
643 2547 727 2610 diem
750 2568 769 2608 a
791 2546 991 2630 susceptione
1013 2544 1218 2631 praesentium
1245 2543 1298 2608 lit·

346 2658 495 2720 terarum,
511 2659 544 2709 et
558 2646 846 2711 administrationes
861 2646 1000 2710 ecclesiae
1019 2659 1085 2710 tuae
1104 2668 1215 2730 gerere
1233 2666 1294 2709 nou

344 2748 520 2831 permittas,
532 2771 570 2811 ne
585 2750 609 2810 si
627 2748 779 2811 adversus
794 2746 863 2813 haec
879 2748 986 2810 venire
1001 2748 1253 2833 praesumpseris,
1263 2759 1295 2810 te

344 2849 462 2912 domini
477 2872 569 2936 papae
584 2851 773 2914 auctoritate
789 2850 905 2913 sentias
919 2849 1171 2913 condemnatam.
1210 2849 1296 2912 Vale.

376 3123 604 3189 EPISTOLA
628 3125 886 3191 cxxxi-m
900 3144 1127 3189 aaexaumruu
1145 3145 1266 3189 parsu.

585 3284 726 3348 Dome'no
741 3287 843 3365 Pupae
859 3283 1053 3347 Aleaondro.

389 3447 442 3509 Ur
464 3444 504 3507 de
527 3444 586 3522 his,
605 3467 679 3528 qurc
700 3468 718 3508 a
741 3443 832 3506 nobis
854 3443 892 3506 ad
917 3445 1089 3527 majestatis
1110 3459 1221 3509 vestrae
1245 3468 1299 3508 ex-

345 3566 434 3607 amen
463 3556 637 3617 transeunt‚
661 3543 788 3627 possitis
812 3542 1012 3605 commodius
1032 3542 1188 3627 judicare,
1212 3567 1299 3609 sanc·

345 3643 429 3708 titati
451 3657 563 3708 vestrae
584 3658 745 3728 gestorum
769 3642 862 3705 series
884 3657 931 3707 est
956 3642 1090 3708 fideliter
1113 3644 1299 3711 intimanda.

349 3744 445 3830 Apud
473 3767 530 3807 nos
559 3746 641 3809 inter
673 3743 859 3829 Philippum
890 3744 930 3807 de
956 3745 1145 3822 Danteheia,
1171 3762 1202 3812 et
1233 3753 1298 3815 Ra·

344 3846 508 3931 ginaldum
540 3846 580 3910 de
611 3847 830 3913 Ledescumba
864 3846 1048 3932 hujusmodi
1085 3851 1300 3916 controversia

345 3946 538 4011 vertebatur.
584 3946 768 4011 Osmnudus
783 3948 823 4010 de
842 3948 991 4011 Saresbr’.
1008 3949 1134 4013 nomine
1151 3951 1298 4036 jamdicti

347 4050 498 4136 Philippi,
508 4050 652 4116 ccclesias
664 4050 704 4114 dc
720 4051 897 4125 Rencbera,
908 4065 938 4115 et
953 4051 1178 4129 Lidcacumba,
1189 4066 1221 4116 et
1238 4055 1299 4117 Fa-

347 4153 451 4216 lesleia
473 4154 664 4237 possidebat.
712 4155 811 4218 Porro
832 4153 1008 4235 jamdictus
1030 4154 1227 4237 Regiualdus
1247 4176 1299 4219 ec·

345 4255 454 4319 clesias
469 4256 509 4318 de
526 4255 724 4318 Lidecumba
740 4267 770 4318 et
784 4255 939 4317 Falesleia
950 4254 1075 4338 praesati
1087 4256 1300 4340 procuratoris

347 4358 482 4429 nomine,
510 4355 667 4418 Osmundi
701 4354 859 4432 videlicet,
885 4354 1078 4439 possidebat,
1107 4356 1242 4420 reddens
1272 4358 1300 4420 ei

346 4478 482 4519 annuam
509 4456 702 4539 pensionem.
748 4455 855 4530 Quum
880 4455 991 4539 itaque
1015 4456 1209 4520 membratus
1240 4458 1299 4521 Os·

348 4557 484 4620 mundus
507 4555 688 4619 infirmitate
710 4567 863 4637 gravatus
886 4576 918 4616 se
941 4552 1083 4637 religioni
1106 4554 1300 4639 regularium

347 4660 482 4724 fratrum
499 4656 647 4720 canonice
661 4654 858 4732 contulisset,
874 4654 1070 4740 Philippum,
1085 4659 1151 4741 qui·
1163 4657 1302 4740 posside-

349 4762 415 4836 bat,
427 4759 551 4822 vocavit
570 4772 604 4822 ut
615 4757 642 4821 ei
654 4780 703 4821 res
715 4779 788 4819 suas
798 4757 985 4840 resignaret,
1021 4758 1214 4821 llationibus
1226 4782 1302 4844 ergo

348 4862 562 4947 procuratoris
572 4860 707 4946 expletis
719 4860 848 4944 pacilicc
860 4858 1028 4945 Philippus
1038 4861 1198 4945 ingressus
1210 4874 1257 4925 cst
1269 4862 1301 4925 in
