<?xml version="1.0" encoding="UTF-8"?>
<!DOCTYPE html PUBLIC "-//W3C//DTD XHTML 1.0 Transitional//EN"
    "http://www.w3.org/TR/xhtml1/DTD/xhtml1-transitional.dtd">
<html xmlns="http://www.w3.org/1999/xhtml" xml:lang="en" lang="en">
 <head>
  <title>
</title>
<meta http-equiv="Content-Type" content="text/html;charset=utf-8" />
  <meta name='ocr-system' content='tesseract 3.04.00' />
  <meta name='ocr-capabilities' content='ocr_page ocr_carea ocr_par ocr_line ocrx_word'/>
</head>
<body>
  <div class='ocr_page' id='page_1' title='image "./joannissaresber14johngoog_0263.png"; bbox 0 0 3300 6434; ppageno 0'>
   <div class='ocr_carea' id='block_1_1' title="bbox 350 1231 1294 1312">
    <p class='ocr_par' dir='ltr' id='par_1_1' title="bbox 350 1231 1294 1312">
     <span class='ocr_line' id='line_1_1' title="bbox 350 1231 1294 1312; baseline 0.003 -20"><span class='ocrx_word' id='word_1_1' title='bbox 350 1231 458 1312; x_wconf 76' lang='lat' dir='ltr'><strong>ileo]</strong></span> <span class='ocrx_word' id='word_1_2' title='bbox 733 1249 909 1294; x_wconf 68' lang='lat' dir='ltr'><strong>nerstein.</strong></span> <span class='ocrx_word' id='word_1_3' title='bbox 1232 1236 1294 1295; x_wconf 74' lang='lat'><strong>248</strong></span> 
     </span>
    </p>
   </div>
   <div class='ocr_carea' id='block_1_2' title="bbox 281 1401 1293 3197">
    <p class='ocr_par' dir='ltr' id='par_1_2' title="bbox 281 1401 1293 3197">
     <span class='ocr_line' id='line_1_2' title="bbox 347 1401 1290 1483; baseline 0 -20"><span class='ocrx_word' id='word_1_4' title='bbox 347 1408 410 1465; x_wconf 89' lang='lat' dir='ltr'><strong>tate</strong></span> <span class='ocrx_word' id='word_1_5' title='bbox 424 1412 457 1464; x_wconf 89' lang='lat' dir='ltr'><strong>et</strong></span> <span class='ocrx_word' id='word_1_6' title='bbox 469 1402 571 1465; x_wconf 86' lang='lat' dir='ltr'><strong>salute</strong></span> <span class='ocrx_word' id='word_1_7' title='bbox 587 1402 732 1465; x_wconf 72' lang='lat' dir='ltr'><strong>ecclesie</strong></span> <span class='ocrx_word' id='word_1_8' title='bbox 749 1411 902 1463; x_wconf 87' lang='lat' dir='ltr'><strong>certatum</strong></span> <span class='ocrx_word' id='word_1_9' title='bbox 919 1401 969 1463; x_wconf 82' lang='lat' dir='ltr'><strong>sit</strong></span> <span class='ocrx_word' id='word_1_10' title='bbox 1015 1401 1115 1483; x_wconf 85' lang='lat' dir='ltr'><strong>Spero</strong></span> <span class='ocrx_word' id='word_1_11' title='bbox 1131 1412 1236 1465; x_wconf 87' lang='lat' dir='ltr'><strong>autem</strong></span> <span class='ocrx_word' id='word_1_12' title='bbox 1256 1402 1290 1464; x_wconf 91' lang='lat' dir='ltr'><strong>in</strong></span> 
     </span>
     <span class='ocr_line' id='line_1_3' title="bbox 346 1500 1290 1586; baseline 0.001 -23"><span class='ocrx_word' id='word_1_13' title='bbox 346 1502 497 1577; x_wconf 90' lang='lat' dir='ltr'><strong>Domino,</strong></span> <span class='ocrx_word' id='word_1_14' title='bbox 513 1502 664 1586; x_wconf 89' lang='lat' dir='ltr'><strong>quoniam</strong></span> <span class='ocrx_word' id='word_1_15' title='bbox 680 1516 712 1564; x_wconf 90' lang='lat' dir='ltr'><strong>et</strong></span> <span class='ocrx_word' id='word_1_16' title='bbox 727 1502 868 1565; x_wconf 87' lang='lat' dir='ltr'><strong>ecclesia</strong></span> <span class='ocrx_word' id='word_1_17' title='bbox 883 1503 1031 1565; x_wconf 87' lang='lat' dir='ltr'><strong>Romana</strong></span> <span class='ocrx_word' id='word_1_18' title='bbox 1043 1501 1151 1564; x_wconf 87' lang='lat' dir='ltr'><strong>multis</strong></span> <span class='ocrx_word' id='word_1_19' title='bbox 1161 1500 1290 1564; x_wconf 86' lang='lat' dir='ltr'><strong>iudiciis</strong></span> 
     </span>
     <span class='ocr_line' id='line_1_4' title="bbox 345 1600 1290 1684; baseline -0.001 -19"><span class='ocrx_word' id='word_1_20' title='bbox 345 1600 402 1665; x_wconf 87' lang='lat' dir='ltr'><strong>dat</strong></span> <span class='ocrx_word' id='word_1_21' title='bbox 415 1623 533 1665; x_wconf 91' lang='lat' dir='ltr'><strong>ausum-</strong></span> <span class='ocrx_word' id='word_1_22' title='bbox 543 1600 741 1678; x_wconf 84' lang='lat' dir='ltr'><strong>confidendi,</strong></span> <span class='ocrx_word' id='word_1_23' title='bbox 757 1600 841 1664; x_wconf 92' lang='lat' dir='ltr'><strong>hanc</strong></span> <span class='ocrx_word' id='word_1_24' title='bbox 866 1602 967 1684; x_wconf 82' lang='lat' dir='ltr'><strong>patris</strong></span> <span class='ocrx_word' id='word_1_25' title='bbox 989 1602 1088 1663; x_wconf 83' lang='lat' dir='ltr'><strong>nostri</strong></span> <span class='ocrx_word' id='word_1_26' title='bbox 1109 1602 1290 1682; x_wconf 80' lang='lat' dir='ltr'><strong>peregriua-</strong></span> 
     </span>
     <span class='ocr_line' id='line_1_5' title="bbox 344 1700 1289 1766; baseline -0.002 -1"><span class='ocrx_word' id='word_1_27' title='bbox 344 1701 463 1766; x_wconf 88' lang='lat' dir='ltr'><strong>tionem</strong></span> <span class='ocrx_word' id='word_1_28' title='bbox 488 1713 521 1765; x_wconf 90' lang='lat' dir='ltr'><strong>et</strong></span> <span class='ocrx_word' id='word_1_29' title='bbox 549 1703 690 1766; x_wconf 89' lang='lat' dir='ltr'><strong>laborem</strong></span> <span class='ocrx_word' id='word_1_30' title='bbox 720 1702 944 1764; x_wconf 78' lang='lat' dir='ltr'><strong>convalescere</strong></span> <span class='ocrx_word' id='word_1_31' title='bbox 967 1700 1009 1763; x_wconf 86' lang='lat' dir='ltr'><strong>ad</strong></span> <span class='ocrx_word' id='word_1_32' title='bbox 1033 1702 1289 1764; x_wconf 75' lang='lat' dir='ltr'><strong>restaurationem</strong></span> 
     </span>
     <span class='ocr_line' id='line_1_6' title="bbox 346 1802 1290 1882; baseline -0.001 -17"><span class='ocrx_word' id='word_1_33' title='bbox 346 1802 585 1866; x_wconf 79' lang='lat' dir='ltr'><strong>Cantuatiensis</strong></span> <span class='ocrx_word' id='word_1_34' title='bbox 614 1803 771 1877; x_wconf 71' lang='lat' dir='ltr'><strong>ecclesiae,</strong></span> <span class='ocrx_word' id='word_1_35' title='bbox 797 1812 830 1865; x_wconf 90' lang='lat' dir='ltr'><strong>et</strong></span> <span class='ocrx_word' id='word_1_36' title='bbox 854 1804 1013 1882; x_wconf 78' lang='lat' dir='ltr'><strong>integram</strong></span> <span class='ocrx_word' id='word_1_37' title='bbox 1035 1802 1290 1866; x_wconf 80' lang='lat' dir='ltr'><strong>reformationem</strong></span> 
     </span>
     <span class='ocr_line' id='line_1_7' title="bbox 344 1900 1291 1987; baseline 0.001 -23"><span class='ocrx_word' id='word_1_38' title='bbox 344 1901 534 1984; x_wconf 75' lang='lat' dir='ltr'><strong>dignitatum</strong></span> <span class='ocrx_word' id='word_1_39' title='bbox 550 1914 583 1968; x_wconf 89' lang='lat' dir='ltr'><strong>et</strong></span> <span class='ocrx_word' id='word_1_40' title='bbox 597 1904 843 1987; x_wconf 77' lang='lat' dir='ltr'><strong>privilegiorum,</strong></span> <span class='ocrx_word' id='word_1_41' title='bbox 859 1904 977 1985; x_wconf 87' lang='lat' dir='ltr'><strong>quibus</strong></span> <span class='ocrx_word' id='word_1_42' title='bbox 994 1905 1089 1967; x_wconf 89' lang='lat' dir='ltr'><strong>beato</strong></span> <span class='ocrx_word' id='word_1_43' title='bbox 1110 1900 1291 1967; x_wconf 81' lang='lat' dir='ltr'><strong>Laniranco</strong></span> 
     </span>
     <span class='ocr_line' id='line_1_8' title="bbox 345 2002 1290 2086; baseline 0 -21"><span class='ocrx_word' id='word_1_44' title='bbox 345 2002 536 2085; x_wconf 84' lang='lat' dir='ltr'><strong>praesidente</strong></span> <span class='ocrx_word' id='word_1_45' title='bbox 561 2002 733 2086; x_wconf 79' lang='lat' dir='ltr'><strong>gaudebat.</strong></span> <span class='ocrx_word' id='word_1_46' title='bbox 778 2002 844 2066; x_wconf 88' lang='lat' dir='ltr'><strong>Sed</strong></span> <span class='ocrx_word' id='word_1_47' title='bbox 873 2003 935 2065; x_wconf 91' lang='lat' dir='ltr'><strong>hoc</strong></span> <span class='ocrx_word' id='word_1_48' title='bbox 962 2003 994 2064; x_wconf 92' lang='lat' dir='ltr'><strong>in</strong></span> <span class='ocrx_word' id='word_1_49' title='bbox 1022 2003 1152 2065; x_wconf 87' lang='lat' dir='ltr'><strong>auribus</strong></span> <span class='ocrx_word' id='word_1_50' title='bbox 1179 2002 1290 2065; x_wconf 88' lang='lat' dir='ltr'><strong>vestris</strong></span> 
     </span>
     <span class='ocr_line' id='line_1_9' title="bbox 346 2100 1292 2186; baseline 0 -21"><span class='ocrx_word' id='word_1_51' title='bbox 346 2100 465 2166; x_wconf 89' lang='lat' dir='ltr'><strong>dictum</strong></span> <span class='ocrx_word' id='word_1_52' title='bbox 492 2105 544 2182; x_wconf 90' lang='lat' dir='ltr'><strong>sit,</strong></span> <span class='ocrx_word' id='word_1_53' title='bbox 570 2105 656 2168; x_wconf 92' lang='lat' dir='ltr'><strong>unde</strong></span> <span class='ocrx_word' id='word_1_54' title='bbox 678 2117 712 2168; x_wconf 90' lang='lat' dir='ltr'><strong>et</strong></span> <span class='ocrx_word' id='word_1_55' title='bbox 733 2125 790 2168; x_wconf 84' lang='lat' dir='ltr'><strong>vos</strong></span> <span class='ocrx_word' id='word_1_56' title='bbox 816 2103 909 2167; x_wconf 88' lang='lat' dir='ltr'><strong>decet</strong></span> <span class='ocrx_word' id='word_1_57' title='bbox 928 2123 1055 2165; x_wconf 89' lang='lat' dir='ltr'><strong>omnem</strong></span> <span class='ocrx_word' id='word_1_58' title='bbox 1079 2123 1138 2186; x_wconf 86' lang='lat' dir='ltr'><strong>pro</strong></span> <span class='ocrx_word' id='word_1_59' title='bbox 1162 2103 1292 2179; x_wconf 74' lang='lat' dir='ltr'><strong>viribus,</strong></span> 
     </span>
     <span class='ocr_line' id='line_1_10' title="bbox 344 2204 1291 2289; baseline 0.002 -24"><span class='ocrx_word' id='word_1_60' title='bbox 344 2206 411 2268; x_wconf 90' lang='lat' dir='ltr'><strong>imo</strong></span> <span class='ocrx_word' id='word_1_61' title='bbox 426 2215 459 2269; x_wconf 92' lang='lat' dir='ltr'><strong>et</strong></span> <span class='ocrx_word' id='word_1_62' title='bbox 472 2206 536 2270; x_wconf 82' lang='lat' dir='ltr'><strong>fere</strong></span> <span class='ocrx_word' id='word_1_63' title='bbox 556 2227 653 2289; x_wconf 88' lang='lat' dir='ltr'><strong>supra</strong></span> <span class='ocrx_word' id='word_1_64' title='bbox 667 2206 759 2283; x_wconf 87' lang='lat' dir='ltr'><strong>vires,</strong></span> <span class='ocrx_word' id='word_1_65' title='bbox 781 2225 875 2288; x_wconf 87' lang='lat' dir='ltr'><strong>opem</strong></span> <span class='ocrx_word' id='word_1_66' title='bbox 898 2204 979 2267; x_wconf 89' lang='lat' dir='ltr'><strong>ferre</strong></span> <span class='ocrx_word' id='word_1_67' title='bbox 1000 2204 1097 2286; x_wconf 89' lang='lat' dir='ltr'><strong>patris</strong></span> <span class='ocrx_word' id='word_1_68' title='bbox 1116 2204 1291 2286; x_wconf 78' lang='lat' dir='ltr'><strong>naufragio,</strong></span> 
     </span>
     <span class='ocr_line' id='line_1_11' title="bbox 345 2307 1290 2390; baseline 0.002 -23"><span class='ocrx_word' id='word_1_69' title='bbox 345 2316 470 2370; x_wconf 88' lang='lat' dir='ltr'><strong>etcum</strong></span> <span class='ocrx_word' id='word_1_70' title='bbox 494 2307 662 2371; x_wconf 89' lang='lat' dir='ltr'><strong>beneficiis</strong></span> <span class='ocrx_word' id='word_1_71' title='bbox 684 2307 866 2390; x_wconf 89' lang='lat' dir='ltr'><strong>promereri,</strong></span> <span class='ocrx_word' id='word_1_72' title='bbox 888 2317 924 2369; x_wconf 90' lang='lat' dir='ltr'><strong>ut</strong></span> <span class='ocrx_word' id='word_1_73' title='bbox 945 2326 1045 2389; x_wconf 92' lang='lat' dir='ltr'><strong>quum</strong></span> <span class='ocrx_word' id='word_1_74' title='bbox 1067 2308 1139 2369; x_wconf 90' lang='lat' dir='ltr'><strong>Deo</strong></span> <span class='ocrx_word' id='word_1_75' title='bbox 1161 2316 1290 2370; x_wconf 87' lang='lat' dir='ltr'><strong>auctore</strong></span> 
     </span>
     <span class='ocr_line' id='line_1_12' title="bbox 345 2407 1290 2492; baseline 0.001 -23"><span class='ocrx_word' id='word_1_76' title='bbox 345 2407 529 2485; x_wconf 86' lang='lat' dir='ltr'><strong>obtinuerit,</strong></span> <span class='ocrx_word' id='word_1_77' title='bbox 543 2409 641 2471; x_wconf 85' lang='lat' dir='ltr'><strong>vestri</strong></span> <span class='ocrx_word' id='word_1_78' title='bbox 656 2408 760 2492; x_wconf 81' lang='lat' dir='ltr'><strong>possit</strong></span> <span class='ocrx_word' id='word_1_79' title='bbox 773 2418 805 2470; x_wconf 88' lang='lat' dir='ltr'><strong>et</strong></span> <span class='ocrx_word' id='word_1_80' title='bbox 819 2407 937 2470; x_wconf 89' lang='lat' dir='ltr'><strong>debeat</strong></span> <span class='ocrx_word' id='word_1_81' title='bbox 950 2407 1134 2470; x_wconf 79' lang='lat' dir='ltr'><strong>meminisse</strong></span> <span class='ocrx_word' id='word_1_82' title='bbox 1145 2408 1179 2469; x_wconf 91' lang='lat' dir='ltr'><strong>in</strong></span> <span class='ocrx_word' id='word_1_83' title='bbox 1193 2410 1290 2471; x_wconf 90' lang='lat' dir='ltr'><strong>bono.</strong></span> 
     </span>
     <span class='ocr_line' id='line_1_13' title="bbox 345 2504 1291 2592; baseline 0 -22"><span class='ocrx_word' id='word_1_84' title='bbox 345 2508 464 2574; x_wconf 87' lang='lat' dir='ltr'><strong>Nonne</strong></span> <span class='ocrx_word' id='word_1_85' title='bbox 478 2509 563 2573; x_wconf 92' lang='lat' dir='ltr'><strong>enim</strong></span> <span class='ocrx_word' id='word_1_86' title='bbox 577 2508 731 2572; x_wconf 85' lang='lat' dir='ltr'><strong>indecens</strong></span> <span class='ocrx_word' id='word_1_87' title='bbox 746 2518 797 2572; x_wconf 91' lang='lat' dir='ltr'><strong>est</strong></span> <span class='ocrx_word' id='word_1_88' title='bbox 812 2519 845 2571; x_wconf 91' lang='lat' dir='ltr'><strong>et</strong></span> <span class='ocrx_word' id='word_1_89' title='bbox 867 2509 1066 2591; x_wconf 90' lang='lat' dir='ltr'><strong>probrosum,</strong></span> <span class='ocrx_word' id='word_1_90' title='bbox 1088 2504 1114 2570; x_wconf 87' lang='lat' dir='ltr'><strong>si</strong></span> <span class='ocrx_word' id='word_1_91' title='bbox 1136 2508 1291 2592; x_wconf 90' lang='lat' dir='ltr'><strong>episcopo</strong></span> 
     </span>
     <span class='ocr_line' id='line_1_14' title="bbox 344 2609 1292 2693; baseline -0.001 -19"><span class='ocrx_word' id='word_1_92' title='bbox 344 2631 403 2693; x_wconf 87' lang='lat' dir='ltr'><strong>pro</strong></span> <span class='ocrx_word' id='word_1_93' title='bbox 413 2609 543 2693; x_wconf 88' lang='lat' dir='ltr'><strong>justitia</strong></span> <span class='ocrx_word' id='word_1_94' title='bbox 557 2612 703 2675; x_wconf 87' lang='lat' dir='ltr'><strong>exulanti</strong></span> <span class='ocrx_word' id='word_1_95' title='bbox 725 2610 821 2673; x_wconf 86' lang='lat' dir='ltr'><strong>alieni</strong></span> <span class='ocrx_word' id='word_1_96' title='bbox 842 2610 1046 2686; x_wconf 82' lang='lat' dir='ltr'><strong>subveniunt,</strong></span> <span class='ocrx_word' id='word_1_97' title='bbox 1068 2619 1099 2672; x_wconf 90' lang='lat' dir='ltr'><strong>et</strong></span> <span class='ocrx_word' id='word_1_98' title='bbox 1119 2610 1292 2674; x_wconf 88' lang='lat' dir='ltr'><strong>necessita·</strong></span> 
     </span>
     <span class='ocr_line' id='line_1_15' title="bbox 344 2711 1290 2797; baseline -0.003 -21"><span class='ocrx_word' id='word_1_99' title='bbox 344 2712 431 2776; x_wconf 82' lang='lat' dir='ltr'><strong>tibus</strong></span> <span class='ocrx_word' id='word_1_100' title='bbox 444 2712 515 2797; x_wconf 90' lang='lat' dir='ltr'><strong>ejus</strong></span> <span class='ocrx_word' id='word_1_101' title='bbox 529 2712 601 2788; x_wconf 89' lang='lat' dir='ltr'><strong>tilii,</strong></span> <span class='ocrx_word' id='word_1_102' title='bbox 617 2711 709 2796; x_wconf 90' lang='lat' dir='ltr'><strong>cujus</strong></span> <span class='ocrx_word' id='word_1_103' title='bbox 724 2712 877 2774; x_wconf 91' lang='lat' dir='ltr'><strong>honorem</strong></span> <span class='ocrx_word' id='word_1_104' title='bbox 892 2721 924 2773; x_wconf 88' lang='lat' dir='ltr'><strong>et</strong></span> <span class='ocrx_word' id='word_1_105' title='bbox 941 2711 1076 2793; x_wconf 82' lang='lat' dir='ltr'><strong>gloriam</strong></span> <span class='ocrx_word' id='word_1_106' title='bbox 1090 2712 1290 2785; x_wconf 81' lang='lat' dir='ltr'><strong>thesaurisat,</strong></span> 
     </span>
     <span class='ocr_line' id='line_1_16' title="bbox 346 2810 1292 2895; baseline -0.003 -18"><span class='ocrx_word' id='word_1_107' title='bbox 346 2814 581 2877; x_wconf 90' lang='lat' dir='ltr'><strong>communicare</strong></span> <span class='ocrx_word' id='word_1_108' title='bbox 595 2810 778 2876; x_wconf 85' lang='lat' dir='ltr'><strong>noluerint?</strong></span> <span class='ocrx_word' id='word_1_109' title='bbox 803 2814 921 2874; x_wconf 91' lang='lat' dir='ltr'><strong>Nonne</strong></span> <span class='ocrx_word' id='word_1_110' title='bbox 933 2812 961 2874; x_wconf 90' lang='lat' dir='ltr'><strong>ei</strong></span> <span class='ocrx_word' id='word_1_111' title='bbox 975 2812 1007 2874; x_wconf 92' lang='lat' dir='ltr'><strong>in</strong></span> <span class='ocrx_word' id='word_1_112' title='bbox 1020 2814 1162 2895; x_wconf 83' lang='lat' dir='ltr'><strong>capituto</strong></span> <span class='ocrx_word' id='word_1_113' title='bbox 1174 2812 1292 2890; x_wconf 80' lang='lat' dir='ltr'><strong>omnio,</strong></span> 
     </span>
     <span class='ocr_line' id='line_1_17' title="bbox 343 2912 1292 2995; baseline 0 -18"><span class='ocrx_word' id='word_1_114' title='bbox 343 2923 378 2977; x_wconf 93' lang='lat' dir='ltr'><strong>et</strong></span> <span class='ocrx_word' id='word_1_115' title='bbox 398 2915 493 2978; x_wconf 89' lang='lat' dir='ltr'><strong>etiam</strong></span> <span class='ocrx_word' id='word_1_116' title='bbox 516 2924 697 2977; x_wconf 84' lang='lat' dir='ltr'><strong>sanctorum</strong></span> <span class='ocrx_word' id='word_1_117' title='bbox 719 2933 834 2995; x_wconf 90' lang='lat' dir='ltr'><strong>capsas</strong></span> <span class='ocrx_word' id='word_1_118' title='bbox 857 2912 1028 2988; x_wconf 83' lang='lat' dir='ltr'><strong>obtulistis,</strong></span> <span class='ocrx_word' id='word_1_119' title='bbox 1047 2925 1082 2976; x_wconf 92' lang='lat' dir='ltr'><strong>ut</strong></span> <span class='ocrx_word' id='word_1_120' title='bbox 1107 2914 1177 2976; x_wconf 86' lang='lat' dir='ltr'><strong>haec</strong></span> <span class='ocrx_word' id='word_1_121' title='bbox 1202 2913 1292 2977; x_wconf 83' lang='lat' dir='ltr'><strong>vobis</strong></span> 
     </span>
     <span class='ocr_line' id='line_1_18' title="bbox 343 3012 1291 3097; baseline -0.001 -20"><span class='ocrx_word' id='word_1_122' title='bbox 343 3012 543 3097; x_wconf 85' lang='lat' dir='ltr'><strong>acquireret?</strong></span> <span class='ocrx_word' id='word_1_123' title='bbox 562 3038 566 3043; x_wconf 92' lang='lat'>·</span> <span class='ocrx_word' id='word_1_124' title='bbox 583 3014 670 3092; x_wconf 81' lang='lat' dir='ltr'><strong>Ergo</strong></span> <span class='ocrx_word' id='word_1_125' title='bbox 693 3013 768 3096; x_wconf 88' lang='lat' dir='ltr'><strong>quia</strong></span> <span class='ocrx_word' id='word_1_126' title='bbox 790 3014 833 3075; x_wconf 94' lang='lat' dir='ltr'><strong>ob</strong></span> <span class='ocrx_word' id='word_1_127' title='bbox 863 3012 947 3074; x_wconf 89' lang='lat' dir='ltr'><strong>hauc</strong></span> <span class='ocrx_word' id='word_1_128' title='bbox 978 3033 1108 3074; x_wconf 88' lang='lat' dir='ltr'><strong>causam</strong></span> <span class='ocrx_word' id='word_1_129' title='bbox 1137 3015 1291 3076; x_wconf 72' lang='lat' dir='ltr'><strong>Romane</strong></span> 
     </span>
     <span class='ocr_line' id='line_1_19' title="bbox 281 3113 1293 3197; baseline 0 -20"><span class='ocrx_word' id='word_1_130' title='bbox 281 3130 283 3134; x_wconf 83' lang='grc'><strong>’</strong></span> <span class='ocrx_word' id='word_1_131' title='bbox 344 3113 501 3178; x_wconf 77' lang='lat' dir='ltr'><strong>Ecclesiae</strong></span> <span class='ocrx_word' id='word_1_132' title='bbox 526 3124 650 3176; x_wconf 85' lang='lat' dir='ltr'><strong>tenetur</strong></span> <span class='ocrx_word' id='word_1_133' title='bbox 677 3113 716 3176; x_wconf 69' lang='lat' dir='ltr'><strong>in&#39;</strong></span> <span class='ocrx_word' id='word_1_134' title='bbox 741 3113 939 3197; x_wconf 89' lang='lat' dir='ltr'><strong>aliquantula</strong></span> <span class='ocrx_word' id='word_1_135' title='bbox 960 3113 1109 3196; x_wconf 87' lang='lat' dir='ltr'><strong>pecunia,</strong></span> <span class='ocrx_word' id='word_1_136' title='bbox 1132 3113 1293 3196; x_wconf 82' lang='lat' dir='ltr'><strong>supplicat</strong></span> 
     </span>
    </p>
   </div>
   <div class='ocr_carea' id='block_1_3' title="bbox 342 3214 1292 3901">
    <p class='ocr_par' dir='ltr' id='par_1_3' title="bbox 342 3214 1292 3901">
     <span class='ocr_line' id='line_1_20' title="bbox 344 3214 1289 3298; baseline 0 -22"><span class='ocrx_word' id='word_1_137' title='bbox 344 3214 425 3296; x_wconf 86' lang='lat' dir='ltr'><strong>ipse,</strong></span> <span class='ocrx_word' id='word_1_138' title='bbox 439 3224 472 3278; x_wconf 90' lang='lat' dir='ltr'><strong>et</strong></span> <span class='ocrx_word' id='word_1_139' title='bbox 485 3235 546 3296; x_wconf 78' lang='lat' dir='ltr'><strong>ego</strong></span> <span class='ocrx_word' id='word_1_140' title='bbox 561 3214 667 3278; x_wconf 85' lang='lat' dir='ltr'><strong>fidelis</strong></span> <span class='ocrx_word' id='word_1_141' title='bbox 683 3224 786 3278; x_wconf 85' lang='lat' dir='ltr'><strong>vester</strong></span> <span class='ocrx_word' id='word_1_142' title='bbox 801 3214 947 3290; x_wconf 90' lang='lat' dir='ltr'><strong>consulo,</strong></span> <span class='ocrx_word' id='word_1_143' title='bbox 963 3222 1120 3298; x_wconf 86' lang='lat' dir='ltr'><strong>quatenus</strong></span> <span class='ocrx_word' id='word_1_144' title='bbox 1135 3215 1164 3277; x_wconf 89' lang='lat' dir='ltr'><strong>ei</strong></span> <span class='ocrx_word' id='word_1_145' title='bbox 1179 3215 1212 3276; x_wconf 91' lang='lat' dir='ltr'><strong>in</strong></span> <span class='ocrx_word' id='word_1_146' title='bbox 1229 3214 1289 3277; x_wconf 90' lang='lat' dir='ltr'><strong>hac</strong></span> 
     </span>
     <span class='ocr_line' id='line_1_21' title="bbox 342 3314 1292 3398; baseline -0.001 -20"><span class='ocrx_word' id='word_1_147' title='bbox 342 3315 531 3380; x_wconf 84' lang='lat' dir='ltr'><strong>necessitate</strong></span> <span class='ocrx_word' id='word_1_148' title='bbox 546 3316 755 3392; x_wconf 84' lang='lat' dir='ltr'><strong>subveniatis,</strong></span> <span class='ocrx_word' id='word_1_149' title='bbox 770 3338 810 3379; x_wconf 92' lang='lat' dir='ltr'><strong>ne</strong></span> <span class='ocrx_word' id='word_1_150' title='bbox 828 3315 994 3379; x_wconf 93' lang='lat' dir='ltr'><strong>dominum</strong></span> <span class='ocrx_word' id='word_1_151' title='bbox 1010 3336 1127 3398; x_wconf 85' lang='lat' dir='ltr'><strong>papam</strong></span> <span class='ocrx_word' id='word_1_152' title='bbox 1141 3314 1292 3380; x_wconf 88' lang='lat' dir='ltr'><strong>beneficii</strong></span> 
     </span>
     <span class='ocr_line' id='line_1_22' title="bbox 344 3415 1292 3500; baseline -0.001 -20"><span class='ocrx_word' id='word_1_153' title='bbox 344 3416 396 3480; x_wconf 86' lang='lat' dir='ltr'><strong>sui</strong></span> <span class='ocrx_word' id='word_1_154' title='bbox 417 3418 580 3500; x_wconf 86' lang='lat' dir='ltr'><strong>poeniteat,</strong></span> <span class='ocrx_word' id='word_1_155' title='bbox 596 3430 629 3481; x_wconf 91' lang='lat' dir='ltr'><strong>et</strong></span> <span class='ocrx_word' id='word_1_156' title='bbox 650 3437 706 3479; x_wconf 88' lang='lat' dir='ltr'><strong>vos</strong></span> <span class='ocrx_word' id='word_1_157' title='bbox 728 3416 850 3499; x_wconf 90' lang='lat' dir='ltr'><strong>pudeat</strong></span> <span class='ocrx_word' id='word_1_158' title='bbox 871 3429 904 3479; x_wconf 91' lang='lat' dir='ltr'><strong>et</strong></span> <span class='ocrx_word' id='word_1_159' title='bbox 925 3418 1034 3499; x_wconf 80' lang='lat' dir='ltr'><strong>pigeat</strong></span> <span class='ocrx_word' id='word_1_160' title='bbox 1053 3415 1292 3479; x_wconf 77' lang='lat' dir='ltr'><strong>inhumanitatis</strong></span> 
     </span>
     <span class='ocr_line' id='line_1_23' title="bbox 344 3517 1292 3601; baseline 0 -22"><span class='ocrx_word' id='word_1_161' title='bbox 344 3528 456 3581; x_wconf 79' lang='lat' dir='ltr'><strong>vestre</strong></span> <span class='ocrx_word' id='word_1_162' title='bbox 484 3519 519 3582; x_wconf 93' lang='lat' dir='ltr'><strong>in</strong></span> <span class='ocrx_word' id='word_1_163' title='bbox 548 3527 746 3601; x_wconf 88' lang='lat' dir='ltr'><strong>perpetuum.</strong></span> <span class='ocrx_word' id='word_1_164' title='bbox 799 3517 953 3578; x_wconf 87' lang='lat' dir='ltr'><strong>Animent</strong></span> <span class='ocrx_word' id='word_1_165' title='bbox 983 3536 1039 3576; x_wconf 86' lang='lat' dir='ltr'><strong>vos</strong></span> <span class='ocrx_word' id='word_1_166' title='bbox 1067 3525 1292 3579; x_wconf 88' lang='lat' dir='ltr'><strong>extraneorum</strong></span> 
     </span>
     <span class='ocr_line' id='line_1_24' title="bbox 344 3612 1292 3699; baseline 0.002 -20"><span class='ocrx_word' id='word_1_167' title='bbox 344 3619 505 3699; x_wconf 83' lang='lat' dir='ltr'><strong>exempla,</strong></span> <span class='ocrx_word' id='word_1_168' title='bbox 524 3617 580 3698; x_wconf 91' lang='lat' dir='ltr'><strong>qui</strong></span> <span class='ocrx_word' id='word_1_169' title='bbox 600 3612 741 3699; x_wconf 86' lang='lat' dir='ltr'><strong>propriis</strong></span> <span class='ocrx_word' id='word_1_170' title='bbox 763 3616 874 3678; x_wconf 84' lang='lat' dir='ltr'><strong>usibus</strong></span> <span class='ocrx_word' id='word_1_171' title='bbox 896 3625 928 3678; x_wconf 90' lang='lat' dir='ltr'><strong>et</strong></span> <span class='ocrx_word' id='word_1_172' title='bbox 952 3615 1197 3679; x_wconf 84' lang='lat' dir='ltr'><strong>necessitatibus</strong></span> <span class='ocrx_word' id='word_1_173' title='bbox 1218 3619 1292 3681; x_wconf 89' lang='lat' dir='ltr'><strong>sub·</strong></span> 
     </span>
     <span class='ocr_line' id='line_1_25' title="bbox 343 3716 1291 3801; baseline 0.003 -21"><span class='ocrx_word' id='word_1_174' title='bbox 343 3716 482 3794; x_wconf 83' lang='lat' dir='ltr'><strong>trahunt,</strong></span> <span class='ocrx_word' id='word_1_175' title='bbox 491 3716 587 3779; x_wconf 91' lang='lat' dir='ltr'><strong>etiam</strong></span> <span class='ocrx_word' id='word_1_176' title='bbox 597 3717 705 3780; x_wconf 90' lang='lat' dir='ltr'><strong>labore</strong></span> <span class='ocrx_word' id='word_1_177' title='bbox 714 3717 1050 3801; x_wconf 85' lang='lat' dir='ltr'><strong>manuumexquisita,</strong></span> <span class='ocrx_word' id='word_1_178' title='bbox 1060 3738 1132 3799; x_wconf 75' lang='lat' dir='ltr'><strong>quse</strong></span> <span class='ocrx_word' id='word_1_179' title='bbox 1143 3718 1291 3783; x_wconf 84' lang='lat' dir='ltr'><strong>exulibus</strong></span> 
     </span>
     <span class='ocr_line' id='line_1_26' title="bbox 345 3817 661 3901; baseline 0.003 -23"><span class='ocrx_word' id='word_1_180' title='bbox 345 3818 456 3880; x_wconf 88' lang='lat' dir='ltr'><strong>vestris</strong></span> <span class='ocrx_word' id='word_1_181' title='bbox 469 3817 661 3901; x_wconf 88' lang='lat' dir='ltr'><strong>impertiunt.</strong></span> 
     </span>
    </p>
   </div>
   <div class='ocr_carea' id='block_1_4' title="bbox 344 4124 1290 4306">
    <p class='ocr_par' dir='ltr' id='par_1_4' title="bbox 344 4124 1290 4306">
     <span class='ocr_line' id='line_1_27' title="bbox 344 4124 1290 4191; baseline 0.002 -4"><span class='ocrx_word' id='word_1_182' title='bbox 344 4124 562 4191; x_wconf 81' lang='lat' dir='ltr'>EPISTOLA</span> <span class='ocrx_word' id='word_1_183' title='bbox 580 4124 1001 4190; x_wconf 79' lang='lat' dir='ltr'><strong>CLIIL-anuaoureuu</strong></span> <span class='ocrx_word' id='word_1_184' title='bbox 1012 4143 1042 4188; x_wconf 83' lang='lat' dir='ltr'><strong>n.</strong></span> <span class='ocrx_word' id='word_1_185' title='bbox 1054 4143 1290 4189; x_wconf 77' lang='lat' dir='ltr'><strong>nanonnusnu.</strong></span> 
     </span>
     <span class='ocr_line' id='line_1_28' title="bbox 710 4226 922 4306; baseline -0.014 -17"><span class='ocrx_word' id='word_1_186' title='bbox 710 4227 794 4306; x_wconf 71' lang='lat' dir='ltr'><strong>[an.</strong></span> <span class='ocrx_word' id='word_1_187' title='bbox 814 4226 922 4305; x_wconf 78' lang='lat' dir='ltr'><strong>nec]</strong></span> 
     </span>
    </p>
   </div>
   <div class='ocr_carea' id='block_1_5' title="bbox 657 4380 973 4445">
    <p class='ocr_par' dir='ltr' id='par_1_5' title="bbox 657 4380 973 4445">
     <span class='ocr_line' id='line_1_29' title="bbox 657 4380 973 4445; baseline -0.006 0"><span class='ocrx_word' id='word_1_188' title='bbox 657 4384 706 4445; x_wconf 88' lang='lat' dir='ltr'><strong>M.</strong></span> <span class='ocrx_word' id='word_1_189' title='bbox 723 4382 763 4445; x_wconf 87' lang='lat' dir='ltr'><strong>B.</strong></span> <span class='ocrx_word' id='word_1_190' title='bbox 779 4380 973 4444; x_wconf 58' lang='lat' dir='ltr'><strong>senonens.</strong></span> 
     </span>
    </p>
   </div>
   <div class='ocr_carea' id='block_1_6' title="bbox 342 4515 1292 4806">
    <p class='ocr_par' dir='ltr' id='par_1_6' title="bbox 342 4515 1292 4806">
     <span class='ocr_line' id='line_1_30' title="bbox 386 4515 1292 4599; baseline 0.001 -19"><span class='ocrx_word' id='word_1_191' title='bbox 386 4518 457 4580; x_wconf 89' lang='lat' dir='ltr'><strong>D1u</strong></span> <span class='ocrx_word' id='word_1_192' title='bbox 472 4526 531 4595; x_wconf 84' lang='lat' dir='ltr'><strong>est,</strong></span> <span class='ocrx_word' id='word_1_193' title='bbox 546 4515 719 4580; x_wconf 89' lang='lat' dir='ltr'><strong>amicorum</strong></span> <span class='ocrx_word' id='word_1_194' title='bbox 736 4515 964 4589; x_wconf 85' lang='lat' dir='ltr'><strong>amantissime,</strong></span> <span class='ocrx_word' id='word_1_195' title='bbox 977 4515 1063 4599; x_wconf 91' lang='lat' dir='ltr'><strong>quod</strong></span> <span class='ocrx_word' id='word_1_196' title='bbox 1075 4515 1114 4579; x_wconf 87' lang='lat' dir='ltr'><strong>de</strong></span> <span class='ocrx_word' id='word_1_197' title='bbox 1126 4527 1211 4581; x_wconf 82' lang='lat' dir='ltr'><strong>statu</strong></span> <span class='ocrx_word' id='word_1_198' title='bbox 1227 4523 1292 4595; x_wconf 87' lang='lat' dir='ltr'><strong>tuo,</strong></span> 
     </span>
     <span class='ocr_line' id='line_1_31' title="bbox 342 4615 1291 4695; baseline 0 -12"><span class='ocrx_word' id='word_1_199' title='bbox 342 4630 376 4683; x_wconf 86' lang='lat' dir='ltr'><strong>et</strong></span> <span class='ocrx_word' id='word_1_200' title='bbox 390 4617 524 4681; x_wconf 89' lang='lat' dir='ltr'><strong>aliorum</strong></span> <span class='ocrx_word' id='word_1_201' title='bbox 540 4627 680 4681; x_wconf 80' lang='lat' dir='ltr'><strong>retemm</strong></span> <span class='ocrx_word' id='word_1_202' title='bbox 702 4616 877 4680; x_wconf 90' lang='lat' dir='ltr'><strong>amicorum</strong></span> <span class='ocrx_word' id='word_1_203' title='bbox 898 4616 1059 4679; x_wconf 89' lang='lat' dir='ltr'><strong>certiorari</strong></span> <span class='ocrx_word' id='word_1_204' title='bbox 1080 4615 1236 4695; x_wconf 88' lang='lat' dir='ltr'><strong>desidero,</strong></span> <span class='ocrx_word' id='word_1_205' title='bbox 1251 4641 1291 4683; x_wconf 90' lang='lat' dir='ltr'><strong>eo</strong></span> 
     </span>
     <span class='ocr_line' id='line_1_32' title="bbox 344 4716 1292 4806; baseline 0.002 -23"><span class='ocrx_word' id='word_1_206' title='bbox 344 4717 474 4806; x_wconf 89' lang='lat' dir='ltr'><strong>quidem</strong></span> <span class='ocrx_word' id='word_1_207' title='bbox 504 4717 666 4783; x_wconf 87' lang='lat' dir='ltr'><strong>ardentius</strong></span> <span class='ocrx_word' id='word_1_208' title='bbox 694 4738 757 4801; x_wconf 92' lang='lat' dir='ltr'><strong>quo</strong></span> <span class='ocrx_word' id='word_1_209' title='bbox 788 4716 887 4779; x_wconf 86' lang='lat' dir='ltr'><strong>rarius</strong></span> <span class='ocrx_word' id='word_1_210' title='bbox 917 4717 1162 4781; x_wconf 87' lang='lat' dir='ltr'><strong>sollicitudinem</strong></span> <span class='ocrx_word' id='word_1_211' title='bbox 1190 4741 1292 4785; x_wconf 87' lang='lat' dir='ltr'><strong>meam</strong></span> 
     </span>
    </p>
   </div>
   <div class='ocr_carea' id='block_1_7' title="bbox 344 4818 1292 4982">
    <p class='ocr_par' dir='ltr' id='par_1_7' title="bbox 344 4818 1292 4982">
     <span class='ocr_line' id='line_1_33' title="bbox 344 4818 1292 4900; baseline 0.001 -17"><span class='ocrx_word' id='word_1_212' title='bbox 344 4822 392 4883; x_wconf 86' lang='lat' dir='ltr'><strong>vel</strong></span> <span class='ocrx_word' id='word_1_213' title='bbox 408 4818 447 4883; x_wconf 91' lang='lat' dir='ltr'><strong>de</strong></span> <span class='ocrx_word' id='word_1_214' title='bbox 464 4830 506 4900; x_wconf 88' lang='lat' dir='ltr'><strong>te,</strong></span> <span class='ocrx_word' id='word_1_215' title='bbox 521 4820 571 4883; x_wconf 84' lang='lat' dir='ltr'><strong>vel</strong></span> <span class='ocrx_word' id='word_1_216' title='bbox 588 4828 653 4883; x_wconf 90' lang='lat' dir='ltr'><strong>ate</strong></span> <span class='ocrx_word' id='word_1_217' title='bbox 670 4818 829 4883; x_wconf 89' lang='lat' dir='ltr'><strong>certiorari</strong></span> <span class='ocrx_word' id='word_1_218' title='bbox 846 4819 1014 4899; x_wconf 81' lang='lat' dir='ltr'><strong>contingit.</strong></span> <span class='ocrx_word' id='word_1_219' title='bbox 1061 4820 1112 4884; x_wconf 88' lang='lat' dir='ltr'><strong>De</strong></span> <span class='ocrx_word' id='word_1_220' title='bbox 1136 4832 1165 4885; x_wconf 89' lang='lat' dir='ltr'><strong>te</strong></span> <span class='ocrx_word' id='word_1_221' title='bbox 1184 4832 1292 4888; x_wconf 84' lang='lat' dir='ltr'><strong>temen</strong></span> 
     </span>
     <span class='ocr_line' id='line_1_34' title="bbox 804 4924 861 4982; baseline 0.035 -2"><span class='ocrx_word' id='word_1_222' title='bbox 804 4933 826 4980; x_wconf 77' lang='lat' dir='ltr'><strong>a</strong></span> <span class='ocrx_word' id='word_1_223' title='bbox 841 4924 861 4982; x_wconf 77' lang='lat'>2</span> 
     </span>
    </p>
   </div>
   <div class='ocr_carea' id='block_1_8' title="bbox 0 0 1654 6434">
    <p class='ocr_par' dir='ltr' id='par_1_8' title="bbox 0 0 1654 6434">
     <span class='ocr_line' id='line_1_35' title="bbox 0 0 1654 6434; baseline 0 0"><span class='ocrx_word' id='word_1_224' title='bbox 0 0 1654 6434; x_wconf 95' lang='lat' dir='ltr'><strong> </strong></span> 
     </span>
    </p>
   </div>
  </div>
 </body>
</html>
