3300 6434
359 1258 551 1337 noe-61]
745 1273 928 1318 umsrotm
1244 1264 1305 1323 109

353 1426 414 1490 sari
438 1424 709 1513 praesumpserint,
727 1424 879 1508 jubemus
903 1424 1101 1489 severitatem
1125 1427 1306 1491 canonicam

352 1528 502 1607 exerceri,
516 1540 615 1592 ratam
636 1524 778 1589 habituri
798 1524 987 1588 sententiam
1011 1548 1249 1611 quamcumque
1272 1527 1304 1589 in

354 1630 497 1703 Petrum,
520 1641 552 1692 et
576 1625 790 1705 Willelmum,
811 1637 867 1689 aut
891 1624 970 1688 alios
992 1625 1160 1712 complices
1185 1649 1306 1713 eqrum,

353 1729 377 1792 si
393 1753 474 1816 quos
496 1730 626 1805 habent,
642 1728 833 1813 saepedictus
850 1726 1009 1791 Ricardus
1023 1750 1043 1791 a
1064 1729 1169 1814 priore
1185 1749 1308 1815 praeuo·

353 1830 491 1895 minatus
506 1829 688 1915 protulerit.

624 2096 863 2161 EPISTOLA
887 2096 1043 2160 LXXX.

397 2232 512 2293 Laron
532 2232 748 2315 praesentium,
764 2227 931 2293 Londonia
951 2227 1116 2304 oriundus,
1139 2239 1174 2291 ut
1196 2228 1251 2305 ait,
1267 2229 1308 2292 de

353 2353 468 2414 genere
490 2353 548 2394 suo
574 2331 760 2415 diligentius
785 2343 1016 2415 perscrutatus,
1039 2328 1142 2393 locum
1170 2330 1308 2393 natalem

352 2430 433 2496 citra
449 2431 645 2495 Cornubiam
669 2431 852 2495 ulteriorem
877 2452 938 2493 non
955 2431 1063 2515 potuit
1083 2430 1235 2494 invenire.
1274 2432 1309 2495 Is

342 2532 472 2596 *amicus
494 2546 611 2608 noster,
628 2532 653 2595 si
670 2554 743 2595 vera
764 2543 839 2596 suut
855 2555 929 2618 quae
950 2532 1110 2617 proponit,
1126 2554 1145 2594 a
1166 2532 1306 2615 quodam

352 2633 471 2697 decano
487 2646 593 2698 vestro
611 2633 766 2719 spoliatus
780 2646 841 2710 est,
856 2646 888 2698 et
910 2631 1003 2718 longe
1018 2632 1111 2697 aliter
1125 2633 1308 2718 injuriatus,

344 2756 449 2819 *quam
465 2734 564 2798 civem
578 2734 809 2798 londinensem
823 2747 996 2819 oporteret.
1032 2734 1231 2820 Praeceperat
1251 2735 1309 2799 do·

343 2834 458 2898 minus
474 2858 540 2912 rex,
558 2850 592 2900 ut
611 2838 713 2900 accito
728 2835 858 2912 decano,
874 2849 906 2900 et
921 2834 1127 2920 complicibus
1142 2837 1220 2920 ejus,
1236 2859 1309 2902 cau·

353 2957 420 3001 sam
445 2935 524 2999 hanc
551 2936 699 3000 dominus
725 2936 981 3023 archiepiscopus
1004 2936 1219 3011 examinarem
1252 2938 1308 3001 sed

351 3038 429 3121 quia
440 3037 481 3099 de
495 3035 667 3121 prudentia
679 3049 783 3101 vestra
794 3049 825 3100 et
837 3038 964 3121 justitia
979 3037 1111 3101 contidit
1121 3036 1308 3123 plurimum,

352 3156 420 3198 eam
436 3136 607 3200 committit
626 3137 726 3216 vobis,
744 3150 779 3201 ut
801 3137 969 3202 adfaciem
992 3138 1180 3223 potentioris
1195 3139 1308 3203 adver·

353 3236 439 3313 sarii,
449 3236 625 3301 Dominum
642 3237 673 3300 in
691 3260 841 3324 paupere,
853 3239 879 3303 si
896 3239 1022 3305 veritati
1038 3238 1196 3315 innititur,
1208 3252 1310 3305 atten-

352 3335 446 3403 datis.
491 3338 643 3425 Alioquin
665 3339 706 3403 ad
721 3339 933 3404 exhibendam
955 3339 1076 3404 concivi
1092 3352 1200 3402 nostro
1215 3340 1309 3424 justi-

352 3440 441 3514 tiam,
453 3439 540 3524 regio
549 3439 711 3518 mandato,
720 3461 782 3503 non
792 3441 860 3503 sine
870 3440 1034 3504 vexatione
1043 3438 1164 3519 decani,
1174 3452 1310 3524 urgetur

342 3539 620 3625 archiepiscopus.
660 3540 749 3603 Seria
771 3561 821 3603 res
845 3551 904 3617 est,
926 3540 985 3602 etsi
1008 3559 1185 3623 pauperum
1209 3540 1311 3625 spolia

351 3639 461 3703 decani
472 3651 504 3703 et
514 3638 726 3704 archidiaconi
736 3637 990 3702 ludumducant.
1007 3636 1151 3711 Quidni?
1173 3639 1308 3704 aliorum

352 3737 482 3803 tristitia
496 3742 529 3803 in
545 3760 653 3802 eorum
669 3736 824 3823 gaudium
841 3738 938 3815 cedit,
955 3740 987 3803 in
1008 3761 1145 3825 quorum
1161 3740 1309 3806 manibus

351 3838 537 3924 iniquitates
563 3851 650 3916 sunt,
677 3850 710 3903 et
740 3838 869 3904 sinistra
893 3862 1001 3904 eorum
1029 3853 1084 3906 aut
1114 3842 1235 3927 repleta
1259 3854 1308 3907 est

351 3940 548 4020 muneribus,
563 3952 620 4004 aut
636 3941 682 4006 eis
697 3940 808 4005 inhiat.
839 3944 922 4006 Hac
936 3941 1018 4005 enim
1038 3943 1201 4007 homiuum
1219 3965 1310 4008 mou·

353 4052 418 4104 stra
429 4040 559 4105 dextras
571 4063 632 4104 non
646 4041 773 4105 habent.
799 4040 888 4106 Sicut
899 4043 982 4106 enim
995 4042 1125 4127 quidam
1139 4042 1171 4105 in
1183 4044 1310 4107 virtutis
1364 4063 1366 4068 ·

351 4142 502 4207 exercitio
524 4142 716 4208 ambidextri
740 4156 827 4220 sunt,
851 4143 894 4207 sic
920 4143 972 4206 isti
999 4143 1159 4207 ambilaevi
1180 4145 1310 4208 convin-

351 4256 469 4308 cuntur
484 4244 525 4307 ab
540 4244 673 4309 avaritia
687 4256 719 4308 et
736 4244 856 4329 rapina.
880 4247 962 4308 Haec
975 4244 1143 4309 advorsum
1153 4244 1309 4310 archidia-

352 4362 502 4405 conorum
528 4344 660 4417 rabiem,
682 4365 742 4428 pro
764 4364 904 4427 paupere
925 4342 1054 4406 concive
1075 4354 1186 4406 nostro
1211 4365 1307 4429 quern

353 4452 493 4502 secretus
508 4439 667 4504 ulterioris
684 4440 858 4504 Cornubiae
873 4441 960 4505 sinus
974 4442 1073 4526 juxta
1088 4454 1208 4506 turrem
1224 4446 1308 4507 Lon·

354 4535 536 4602 doniensem
564 4539 676 4604 edidit.
722 4540 817 4618 Quod
844 4556 950 4605 autem
981 4542 1020 4605 ad
1052 4555 1168 4608 statum
1194 4544 1309 4610 domus

353 4651 470 4702 nostrae
495 4640 643 4723 pertinet,
665 4640 750 4704 idem
772 4654 820 4707 est
843 4641 898 4727 qui
921 4642 996 4720 suit,
1018 4655 1049 4706 et
1073 4643 1169 4729 paulo
1195 4644 1308 4711 laetior.

353 4741 436 4803 Nam
459 4753 562 4804 metus
581 4740 644 4816 ille,
666 4764 761 4827 quem
786 4741 875 4806 vobis
895 4742 1063 4828 episcopus
1085 4744 1255 4823 Bullensis,
1275 4760 1307 4810 et

354 4840 517 4905 Radull'us
542 4854 648 4908 noster
673 4843 881 4920 incusserant,
909 4865 1161 4928 supervacaneus
1186 4847 1307 4925 extitit,
