3300 6434
347 1266 520 1347 1155—8.]
725 1284 902 1331 ualerone.
1249 1273 1295 1329 20

344 1436 522 1521 postposito
548 1437 597 1497 vel
627 1448 821 1521 contempto,
848 1438 880 1500 in
912 1459 944 1499 se
969 1435 1096 1499 videtur
1125 1458 1300 1521 provocare

344 1533 593 1618 indignationem
612 1537 813 1621 superiorum
837 1537 902 1599 fere
924 1536 1065 1599 omnium
1090 1550 1296 1624 potestatum.

346 1637 497 1701 Summus
533 1637 692 1723 pontifex,
728 1638 943 1700 serenissimus
980 1636 1137 1723 princeps,
1166 1637 1302 1702 illustris

344 1736 466 1821 regina,
480 1760 499 1800 a
514 1737 714 1802 fraternitate
725 1751 829 1803 vestra
843 1738 1005 1802 modicum
1021 1737 1100 1823 quid
1116 1752 1298 1824 expectant,

345 1838 376 1900 in
393 1861 459 1923 quo
475 1840 632 1903 honestati
646 1852 679 1904 et
694 1840 896 1911 indemnitati
913 1853 1039 1918 vestrae,
1051 1863 1148 1926 quam
1164 1838 1299 1906 utilitati·

345 1961 466 2019 eorum,
480 1941 579 2024 magis
595 1957 795 2029 prospectum
811 1943 882 2009 erit.
914 1944 1008 2006 Certe
1023 1943 1049 2005 si
1064 1964 1130 2006 rem
1145 1943 1299 2026 grandem

346 2063 456 2106 eorum
488 2042 623 2128 quilibet
654 2058 776 2129 peteret
802 2043 976 2126 sigillatim,
995 2044 1069 2128 jure
1095 2044 1217 2129 optimo
1245 2042 1301 2107 de-

345 2142 458 2208 buerat
469 2144 627 2209 exaudiri.
652 2149 702 2209 De
713 2146 804 2209 nobis
818 2158 851 2209 et
865 2145 1018 2209 fratribus
1029 2147 1146 2209 nostris
1157 2158 1298 2209 taceatur

347 2240 388 2304 ad
409 2263 559 2327 praesens
576 2263 666 2327 quos,
682 2243 708 2305 si
724 2241 902 2328 placuisset,
916 2264 978 2305 non
997 2242 1164 2327 oportebat
1179 2241 1211 2306 iu
1226 2265 1300 2307 con·

345 2342 414 2405 silio
429 2355 534 2406 vestro
549 2342 654 2407 locum
671 2353 776 2407 tenere
791 2344 1009 2410 novissimum.
1061 2343 1189 2421 Vereor,
1205 2343 1300 2408 dilec-

348 2443 467 2507 tissime
493 2443 602 2524 frater,
627 2466 738 2509 vereor
759 2466 798 2507 ne
822 2443 990 2509 consiliarii
1012 2444 1108 2509 vestri
1135 2443 1302 2507 consilium

346 2546 497 2632 insipiens
512 2559 544 2611 et
559 2545 673 2611 inutile
684 2545 843 2623 dederint,
856 2547 934 2610 dum
950 2547 1042 2612 nobis
1053 2547 1200 2611 omnibus
1211 2546 1299 2632 apud

349 2671 407 2712 vos
427 2648 572 2734 praeferri
594 2646 786 2713 studuerint.
831 2648 950 2712 Omnes
969 2649 1138 2713 consulunt
1160 2650 1194 2713 iu
1216 2671 1301 2712 com·

348 2773 456 2828 mune,
474 2764 509 2814 ut
520 2751 618 2837 juxta
633 2750 812 2837 principum
830 2750 1025 2815 voluntatem
1045 2751 1197 2837 magistro
1213 2752 1300 2815 Salo·

349 2852 434 2917 moni
450 2852 564 2917 cedant
579 2852 730 2931 ecclesiae,
741 2872 816 2938 quae
829 2855 861 2917 in
877 2854 1118 2918 transactionem
1132 2851 1301 2918 Godefridi

348 2968 380 3050 et
397 2952 554 3018 Willelmi
578 2954 699 3020 venisse
721 2954 885 3019 dicuntur.
929 2958 1043 3019 Nonne
1064 2956 1169 3020 fuerat
1190 2976 1300 3018 eorum

350 3068 414 3120 tam
432 3054 602 3119 laudabilis
613 3078 677 3120 non
689 3055 785 3120 modo
801 3055 1004 3141 acceptanda,
1014 3056 1070 3120 sed
1079 3055 1301 3143 praevenienda

349 3156 521 3221 voluntas?
571 3158 752 3221 Honestum
783 3170 815 3221 et
845 3156 1021 3223 litteratum
1053 3158 1156 3222 virum
1189 3158 1301 3223 vestris

350 3258 464 3323 volunt
499 3254 661 3346 obsequiis
698 3258 888 3346 mancipare,
918 3272 950 3324 et
986 3260 1065 3324 dum
1102 3259 1301 3324 liberalitatis

348 3374 462 3426 vestrae
478 3384 596 3426 munus
616 3362 802 3448 implebitis,
816 3362 849 3427 id
865 3385 959 3447 agere
974 3386 1013 3428 ne
1029 3364 1107 3426 fiant
1122 3361 1212 3425 irrita
1227 3385 1303 3447 quae

349 3462 389 3527 de
413 3462 507 3529 labiis
528 3464 668 3551 episcopi
692 3479 922 3550 processerunt.
981 3465 1103 3529 Fuerat
1126 3486 1199 3526 sane
1228 3486 1302 3527 cou-
1387 3498 1389 3501 >

350 3566 555 3651 templatione
577 3566 755 3629 litterarum
778 3579 810 3628 et
836 3586 972 3640 morum,
998 3579 1030 3628 et
1048 3567 1121 3650 jure
1143 3564 1302 3631 societatis

351 3665 492 3751 antiquae
516 3666 750 3744 adsciscendus,
779 3666 812 3729 id
839 3664 933 3729 etiam
961 3668 1084 3730 nemine
1109 3666 1300 3753 postulante.

353 3771 468 3831 Nonne
513 3767 666 3850 indignus
710 3780 768 3843 est,
811 3766 844 3829 in
887 3767 1183 3851 opportunitatibus
1224 3770 1302 3849 suis,

350 3867 487 3931 fratrum
513 3867 654 3944 consilio,
679 3869 734 3953 qui
761 3866 842 3931 illud
865 3879 930 3932 tam
953 3867 1065 3933 leviter
1088 3876 1304 3954 aspernatur?

353 3974 468 4035 Nonne
483 3992 592 4055 preces
611 3969 697 4035 illius
717 3983 878 4035 merentur
893 3969 1032 4047 excludi,
1053 3971 1109 4054 qui
1131 3985 1194 4036 tam
1217 3974 1300 4058 piam

351 4073 547 4137 voluntatem
579 4072 759 4158 principum
790 4094 852 4135 non
882 4070 1048 4136 admittit?
1081 4084 1118 4135 ut
1155 4072 1195 4135 de
1232 4073 1302 4138 aliis

351 4187 495 4239 taceatur
510 4174 566 4258 qui
584 4186 689 4239 tamen
705 4174 793 4260 apud
811 4195 867 4236 vos
881 4172 1055 4260 plurimum
1077 4195 1168 4259 posse
1183 4174 1302 4239 debent

350 4297 390 4337 ex
406 4277 530 4349 merito,
548 4273 695 4338 voluntas
710 4271 830 4336 domini
847 4294 939 4358 papae
954 4272 1089 4358 pleniori
1104 4273 1302 4357 benignitate

353 4373 590 4461 interpretanda
602 4387 680 4440 erat.
710 4374 817 4458 Vulgo
828 4372 892 4439 dici
908 4374 986 4438 solet
1002 4387 1033 4439 et
1049 4389 1213 4459 acceptum
1227 4374 1304 4439 fide-

354 4474 437 4551 liter,
459 4497 568 4539 rerum
590 4488 648 4552 est,
669 4474 746 4560 quia
768 4474 883 4539 summi
905 4476 1064 4560 pontilicis
1080 4474 1226 4540 voluntas
1247 4477 1302 4543 de·

353 4588 475 4640 cretum
491 4590 557 4642 est:
583 4590 615 4643 et
630 4599 669 4641 ue
684 4577 716 4641 in
735 4578 809 4663 jure
830 4576 1051 4641 constituendo
1071 4600 1303 4667 causarumque

355 4677 594 4744 discissionibus
622 4679 781 4744 duntaxat
809 4678 952 4744 obtinere
980 4679 1140 4757 credatur,
1167 4682 1303 4746 faciendi

354 4777 582 4856 necessitatem,
606 4803 706 4867 quum
725 4779 911 4856 innotuerit,
937 4781 1113 4845 amantium
1139 4781 1301 4848 devotioni

355 4879 433 4945 solet
462 4881 611 4947 indicere.
669 4882 732 4947 Sed
761 4885 842 4949 forte
872 4882 984 4948 dicetis
1020 4883 1080 4947 hoc
1110 4884 1303 4950 demeruisse
