3300 6434
436 1250 498 1309 244
703 1258 840 1302 Joaxurs
854 1256 1130 1302 sanassaarausrs
1293 1236 1338 1315 [a.
1357 1256 1387 1300 n.

440 1411 561 1495 aliquid
576 1409 734 1474 interdum
751 1409 859 1486 audio,
877 1421 910 1472 et
928 1412 991 1472 boc
1013 1407 1174 1471 beneficio
1196 1409 1389 1471 intermean·
1455 1408 1457 1410 ’

439 1513 529 1587 tium,
554 1510 611 1573 sed
635 1533 655 1572 a
681 1522 711 1572 te
741 1509 821 1571 nibil
851 1531 990 1592 unquam
1021 1508 1146 1570 audivi:
1185 1507 1272 1591 quod
1301 1507 1387 1569 unde

441 1610 616 1694 contingat,
635 1630 699 1670 non
725 1610 820 1690 plane
847 1607 953 1683 video,
977 1609 1038 1670 uisi
1065 1606 1152 1690 quod
1177 1620 1209 1670 te
1235 1608 1385 1691 conjici0‚

441 1710 592 1792 quoniam
609 1709 678 1772 dies
693 1709 767 1771 maii
783 1720 870 1782 sunt,
883 1722 916 1771 et
927 1721 960 1771 tu
972 1709 1020 1770 vir
1030 1707 1182 1791 prudens,
1195 1729 1237 1770 ex
1250 1708 1385 1791 quadam

438 1812 564 1874 siluisse
590 1811 723 1872 cautela.
768 1810 840 1891 Ego
862 1821 898 1872 ut
920 1810 1134 1872 infirmitatem
1157 1831 1260 1871 meam
1287 1813 1386 1873 fatear

440 1912 473 1974 in
489 1913 618 1974 auribus
633 1911 706 1987 tuis,
722 1922 755 1973 et
769 1911 984 1993 insipientiam
999 1932 1101 1973 meam
1121 1912 1226 1973 amico
1241 1913 1387 1986 revelem,

439 2019 590 2092 tanquam
606 2008 684 2070 mibi
700 2029 874 2091 numquam
889 2009 972 2070 banc
987 2009 1078 2091 potui
1090 2009 1208 2071 habere
1218 2011 1386 2085 cautelam,

440 2110 518 2193 quin
545 2110 658 2172 vellem
685 2109 859 2172 amicorum
889 2109 1180 2191 opportunitatibus
1210 2109 1385 2171 communi·

440 2230 523 2287 care,
537 2222 570 2273 et
584 2231 693 2272 eorum
708 2229 766 2292 pro
778 2209 910 2272 modulo
922 2230 994 2272 meo
1006 2231 1113 2290 gerere
1125 2210 1384 2272 sollicitudinem.

439 2313 546 2384 Quum
567 2333 642 2394 ergo
662 2312 720 2375 tibi
741 2312 860 2394 saepius
881 2310 1074 2394 scripserim,
1095 2320 1128 2373 et
1152 2320 1186 2373 tu
1208 2333 1384 2395 numquam

440 2414 614 2495 scripseris,
631 2414 768 2496 amplius
787 2433 944 2475 succensa
965 2411 1148 2474 sollicitudo
1171 2413 1283 2495 nequit
1304 2413 1384 2476 ulte·

439 2514 505 2576 rius
523 2514 679 2590 cohiberi,
701 2515 779 2597 quin
801 2535 860 2596 per
881 2513 1043 2596 proprium
1066 2513 1206 2597 inquirat
1227 2514 1385 2586 nuntium,

441 2613 512 2696 quis
531 2624 605 2674 tuus
627 2613 677 2673 rel
699 2624 838 2675 veterum
862 2613 903 2674 sit
924 2623 1025 2675 status
1047 2613 1231 2686 amicorum,
1253 2634 1314 2676 nec
1337 2616 1383 2677 sic

438 2726 560 2776 veteres
589 2711 710 2775 dixisse
739 2713 909 2786 arbitreris,
935 2724 971 2775 ut
996 2711 1187 2776 inveteratos
1209 2714 1242 2774 in
1268 2714 1385 2795 quibus

440 2811 555 2875 caritas
584 2810 770 2892 refrigescit,
794 2809 898 2874 dictos
920 2812 1094 2892 intelligas,
1116 2832 1214 2896 quum
1237 2833 1298 2890 ego
1319 2833 1381 2875 nec

439 2914 668 2990 senserim,uec
679 2911 812 2976 dixerim
824 2934 880 2976 eos
888 2913 1019 2997 aliquod
1028 2914 1168 2977 caritatis
1178 2912 1382 2995 dispendium

437 3015 601 3078 sustinere.
647 3016 728 3087 Quis
743 3015 828 3077 enim
850 3034 911 3094 ego
933 3034 1014 3086 sum,
1037 3027 1074 3076 ut
1095 3035 1221 3077 servum
1239 3014 1382 3099 judicem

436 3115 585 3191 alienum,
599 3115 655 3197 qui
667 3115 808 3177 Domino
819 3135 879 3177 suo
888 3125 951 3179 stat
961 3127 1017 3178 aut
1027 3114 1138 3178 cadit?
1162 3115 1267 3179 Stabit
1276 3129 1381 3181 autem

438 3214 511 3276 Deo
540 3228 680 3291 auctore,
708 3224 740 3275 ct
766 3213 846 3275 mihi
868 3213 978 3295 utique
1009 3214 1124 3277 caritas
1154 3217 1296 3278 officiosa
1324 3228 1383 3295 est,

437 3314 546 3396 ignara
570 3315 667 3376 totius
696 3314 782 3387 mali,
808 3313 899 3376 sortis
925 3324 960 3375 ut
985 3335 1082 3389 mors,
1106 3327 1140 3377 et
1168 3315 1381 3380 sinceritatem

437 3436 525 3482 suam
553 3411 660 3477 multis
685 3425 718 3477 et
742 3414 935 3497 perennibus
965 3414 1071 3498 prodit
1095 3416 1245 3480 iudiciis:
1284 3417 1382 3481 habet

436 3517 506 3579 baec
523 3516 738 3580 testimouium
748 3514 870 3599 jugiter
883 3516 986 3600 majus
999 3517 1137 3591 Joanne,
1153 3517 1239 3600 quod
1258 3519 1288 3581 ei
1309 3540 1378 3601 per-

436 3618 549 3680 hibent
565 3630 629 3680 tam
652 3639 749 3700 opera
772 3638 867 3701 quam
889 3617 1010 3681 fructus
1033 3639 1176 3701 operum.
1220 3619 1379 3694 Siracos,

436 3727 469 3778 et
484 3717 576 3791 licet3
600 3726 632 3778 ct
646 3716 679 3779 id
695 3737 799 3792 curas,
813 3737 871 3799 per
891 3718 1024 3780 latorem
1047 3720 1264 3800 praesentium,
1286 3741 1380 3803 quem

436 3813 477 3877 ad
491 3815 553 3877 hoc
567 3815 648 3891 misi,
660 3815 699 3877 dc
711 3828 795 3881 statu
807 3838 879 3879 meo
892 3829 924 3879 et
935 3818 1068 3880 aliorum
1080 3819 1201 3901 poteris
1212 3821 1382 3894 certiorari,

437 3916 586 3999 idemque
601 3916 720 3998 aperiet
735 3917 792 3978 tibi
809 3917 971 3999 quomodo
993 3938 1042 3981 me
1061 3916 1101 3982 de
1124 3930 1180 3981 tuo
1195 3920 1293 3983 facias
1314 3942 1381 3983 cer-

434 4020 554 4081 tiorem.
600 4017 734 4079 Noveris
757 4031 863 4080 autem
890 4019 1041 4102 quoniam
1066 4019 1146 4082 mibi
1168 4020 1256 4096 licet,
1281 4035 1312 4082 et
1337 4022 1380 4083 ad

434 4121 494 4183 hoc
511 4139 632 4182 vacuus
647 4140 728 4194 sum,
746 4130 778 4181 et
800 4130 867 4182 tots
890 4118 1057 4184 devotione
1077 4119 1243 4194 sollicitus,
1259 4127 1294 4182 ut
1316 4121 1379 4185 tuis

435 4230 467 4282 et
490 4230 624 4292 tuorum,
647 4220 674 4281 si
701 4219 780 4302 quid
807 4222 1021 4303 peregrinanti
1043 4219 1183 4302 dignaris
1204 4220 1381 4305 injungere,

434 4320 590 4383 mandatis
604 4316 740 4383 libenter
755 4321 919 4397 obediam,
932 4322 1076 4405 mihique
1091 4323 1164 4385 loco
1179 4323 1288 4404 magni
1310 4344 1380 4386 mu·

432 4424 516 4485 neris
542 4423 610 4499 crit,
632 4422 658 4483 si
682 4443 732 4483 me
755 4423 863 4506 aliquo
887 4424 1043 4505 obsequio
1065 4425 1124 4501 tui,
1149 4423 1301 4487 mandato
1323 4437 1379 4487 tuo

433 4525 603 4604 contigerit
617 4523 776 4605 occupari.
826 4524 915 4586 Aude
932 4544 1019 4603 ergO,
1035 4526 1148 4601 amice,
1160 4524 1243 4587 sude
1257 4524 1378 4607 aliquid

432 4638 537 4705 potere
553 4636 608 4687 aut
622 4620 796 4706 praecipere
810 4625 914 4687 amico
930 4646 964 4687 se
988 4636 1019 4687 et
1041 4647 1101 4689 sua
1122 4635 1188 4689 tota
1208 4626 1377 4689 affectione

432 4727 526 4788 animi
543 4728 729 4808 exponenti.
