<?xml version="1.0" encoding="UTF-8"?>
<!DOCTYPE html PUBLIC "-//W3C//DTD XHTML 1.0 Transitional//EN"
    "http://www.w3.org/TR/xhtml1/DTD/xhtml1-transitional.dtd">
<html xmlns="http://www.w3.org/1999/xhtml" xml:lang="en" lang="en">
 <head>
  <title>
</title>
<meta http-equiv="Content-Type" content="text/html;charset=utf-8" />
  <meta name='ocr-system' content='tesseract 3.04.00' />
  <meta name='ocr-capabilities' content='ocr_page ocr_carea ocr_par ocr_line ocrx_word'/>
</head>
<body>
  <div class='ocr_page' id='page_1' title='image "./joannissaresber14johngoog_0247.png"; bbox 0 0 3300 6434; ppageno 0'>
   <div class='ocr_carea' id='block_1_1' title="bbox 266 1260 1216 1340">
    <p class='ocr_par' dir='ltr' id='par_1_1' title="bbox 266 1260 1216 1340">
     <span class='ocr_line' id='line_1_1' title="bbox 266 1260 1216 1340; baseline -0.003 -20"><span class='ocrx_word' id='word_1_1' title='bbox 266 1260 375 1340; x_wconf 79' lang='lat' dir='ltr'><strong>noc]</strong></span> <span class='ocrx_word' id='word_1_2' title='bbox 651 1275 830 1321; x_wconf 77' lang='lat' dir='ltr'><strong>urrsrora.</strong></span> <span class='ocrx_word' id='word_1_3' title='bbox 1155 1262 1216 1318; x_wconf 72' lang='lat'><strong>927</strong></span> 
     </span>
    </p>
   </div>
   <div class='ocr_carea' id='block_1_2' title="bbox 195 1426 1219 4136">
    <p class='ocr_par' dir='ltr' id='par_1_2' title="bbox 195 1426 1219 4136">
     <span class='ocr_line' id='line_1_2' title="bbox 195 1426 1214 1510; baseline -0.004 -19"><span class='ocrx_word' id='word_1_4' title='bbox 195 1441 200 1450; x_wconf 76' lang='lat'><strong>⁴</strong></span> <span class='ocrx_word' id='word_1_5' title='bbox 258 1429 324 1492; x_wconf 84' lang='lat' dir='ltr'><strong>bris</strong></span> <span class='ocrx_word' id='word_1_6' title='bbox 341 1440 400 1505; x_wconf 87' lang='lat' dir='ltr'><strong>est,</strong></span> <span class='ocrx_word' id='word_1_7' title='bbox 414 1439 447 1493; x_wconf 90' lang='lat' dir='ltr'><strong>et</strong></span> <span class='ocrx_word' id='word_1_8' title='bbox 469 1432 561 1493; x_wconf 87' lang='lat' dir='ltr'><strong>beato</strong></span> <span class='ocrx_word' id='word_1_9' title='bbox 587 1428 735 1502; x_wconf 90' lang='lat' dir='ltr'><strong>Drausi0‚</strong></span> <span class='ocrx_word' id='word_1_10' title='bbox 750 1428 791 1489; x_wconf 87' lang='lat' dir='ltr'><strong>ad</strong></span> <span class='ocrx_word' id='word_1_11' title='bbox 815 1447 908 1510; x_wconf 89' lang='lat' dir='ltr'><strong>quem</strong></span> <span class='ocrx_word' id='word_1_12' title='bbox 925 1426 1114 1505; x_wconf 81' lang='lat' dir='ltr'><strong>confugiunt</strong></span> <span class='ocrx_word' id='word_1_13' title='bbox 1135 1446 1214 1508; x_wconf 82' lang='lat' dir='ltr'><strong>pug-</strong></span> 
     </span>
     <span class='ocr_line' id='line_1_3' title="bbox 258 1525 1215 1610; baseline -0.004 -18"><span class='ocrx_word' id='word_1_14' title='bbox 258 1531 373 1607; x_wconf 88' lang='lat' dir='ltr'><strong>naturi,</strong></span> <span class='ocrx_word' id='word_1_15' title='bbox 388 1542 421 1593; x_wconf 90' lang='lat' dir='ltr'><strong>et</strong></span> <span class='ocrx_word' id='word_1_16' title='bbox 434 1532 529 1594; x_wconf 88' lang='lat' dir='ltr'><strong>beato</strong></span> <span class='ocrx_word' id='word_1_17' title='bbox 545 1528 701 1610; x_wconf 84' lang='lat' dir='ltr'>Gregorio</span> <span class='ocrx_word' id='word_1_18' title='bbox 719 1525 909 1609; x_wconf 77' lang='lat' dir='ltr'><strong>Anglicanae</strong></span> <span class='ocrx_word' id='word_1_19' title='bbox 932 1526 1077 1590; x_wconf 81' lang='lat' dir='ltr'><strong>ecclesiae</strong></span> <span class='ocrx_word' id='word_1_20' title='bbox 1099 1525 1215 1588; x_wconf 87' lang='lat' dir='ltr'><strong>funda·</strong></span> 
     </span>
     <span class='ocr_line' id='line_1_4' title="bbox 257 1628 1212 1713; baseline -0.006 -20"><span class='ocrx_word' id='word_1_21' title='bbox 257 1631 330 1706; x_wconf 91' lang='lat' dir='ltr'><strong>tori,</strong></span> <span class='ocrx_word' id='word_1_22' title='bbox 356 1630 412 1713; x_wconf 90' lang='lat' dir='ltr'><strong>qui</strong></span> <span class='ocrx_word' id='word_1_23' title='bbox 438 1632 471 1693; x_wconf 92' lang='lat' dir='ltr'><strong>in</strong></span> <span class='ocrx_word' id='word_1_24' title='bbox 498 1630 613 1694; x_wconf 87' lang='lat' dir='ltr'><strong>eadem</strong></span> <span class='ocrx_word' id='word_1_25' title='bbox 642 1630 721 1692; x_wconf 88' lang='lat' dir='ltr'><strong>urbe</strong></span> <span class='ocrx_word' id='word_1_26' title='bbox 748 1628 931 1712; x_wconf 90' lang='lat' dir='ltr'><strong>requiescit,</strong></span> <span class='ocrx_word' id='word_1_27' title='bbox 958 1647 1094 1708; x_wconf 83' lang='lat' dir='ltr'><strong>agonem</strong></span> <span class='ocrx_word' id='word_1_28' title='bbox 1120 1646 1212 1688; x_wconf 88' lang='lat' dir='ltr'><strong>suum</strong></span> 
     </span>
     <span class='ocr_line' id='line_1_5' title="bbox 257 1728 1214 1815; baseline -0.005 -21"><span class='ocrx_word' id='word_1_29' title='bbox 257 1733 409 1815; x_wconf 86' lang='lat' dir='ltr'>precibus</span> <span class='ocrx_word' id='word_1_30' title='bbox 424 1731 670 1796; x_wconf 82' lang='lat' dir='ltr'><strong>commendaret.</strong></span> <span class='ocrx_word' id='word_1_31' title='bbox 717 1730 778 1793; x_wconf 89' lang='lat' dir='ltr'><strong>Est</strong></span> <span class='ocrx_word' id='word_1_32' title='bbox 793 1739 900 1793; x_wconf 88' lang='lat' dir='ltr'><strong>autem</strong></span> <span class='ocrx_word' id='word_1_33' title='bbox 923 1731 1035 1792; x_wconf 86' lang='lat' dir='ltr'><strong>beatus</strong></span> <span class='ocrx_word' id='word_1_34' title='bbox 1058 1728 1214 1790; x_wconf 87' lang='lat' dir='ltr'><strong>Drausius</strong></span> 
     </span>
     <span class='ocr_line' id='line_1_6' title="bbox 258 1828 1212 1917; baseline -0.004 -22"><span class='ocrx_word' id='word_1_35' title='bbox 258 1833 504 1913; x_wconf 80' lang='lat' dir='ltr'><strong>gloriosissimus</strong></span> <span class='ocrx_word' id='word_1_36' title='bbox 519 1834 701 1909; x_wconf 87' lang='lat' dir='ltr'><strong>Confessor,</strong></span> <span class='ocrx_word' id='word_1_37' title='bbox 717 1833 784 1917; x_wconf 84' lang='lat' dir='ltr'><strong>qui,</strong></span> <span class='ocrx_word' id='word_1_38' title='bbox 799 1832 884 1895; x_wconf 90' lang='lat' dir='ltr'><strong>sicut</strong></span> <span class='ocrx_word' id='word_1_39' title='bbox 906 1830 1022 1893; x_wconf 85' lang='lat' dir='ltr'><strong>Franci</strong></span> <span class='ocrx_word' id='word_1_40' title='bbox 1037 1839 1071 1893; x_wconf 91' lang='lat' dir='ltr'><strong>et</strong></span> <span class='ocrx_word' id='word_1_41' title='bbox 1093 1828 1212 1892; x_wconf 88' lang='lat' dir='ltr'><strong>Lothu·</strong></span> 
     </span>
     <span class='ocr_line' id='line_1_7' title="bbox 260 1929 1212 2015; baseline -0.002 -22"><span class='ocrx_word' id='word_1_42' title='bbox 260 1931 342 2012; x_wconf 84' lang='lat' dir='ltr'><strong>ringi</strong></span> <span class='ocrx_word' id='word_1_43' title='bbox 359 1933 504 2010; x_wconf 86' lang='lat' dir='ltr'><strong>creduut,</strong></span> <span class='ocrx_word' id='word_1_44' title='bbox 518 1933 654 2015; x_wconf 83' lang='lat' dir='ltr'>pugiles,</span> <span class='ocrx_word' id='word_1_45' title='bbox 666 1933 721 2015; x_wconf 91' lang='lat' dir='ltr'><strong>qui</strong></span> <span class='ocrx_word' id='word_1_46' title='bbox 737 1932 778 1995; x_wconf 91' lang='lat' dir='ltr'><strong>ad</strong></span> <span class='ocrx_word' id='word_1_47' title='bbox 793 1931 978 1994; x_wconf 84' lang='lat' dir='ltr'><strong>memoriam</strong></span> <span class='ocrx_word' id='word_1_48' title='bbox 994 1929 1063 2013; x_wconf 86' lang='lat' dir='ltr'><strong>ejus</strong></span> <span class='ocrx_word' id='word_1_49' title='bbox 1078 1950 1212 2013; x_wconf 90' lang='lat' dir='ltr'><strong>pernoc-</strong></span> 
     </span>
     <span class='ocr_line' id='line_1_8' title="bbox 260 2031 1213 2113; baseline -0.003 -18"><span class='ocrx_word' id='word_1_50' title='bbox 260 2044 338 2109; x_wconf 88' lang='lat' dir='ltr'><strong>tant,</strong></span> <span class='ocrx_word' id='word_1_51' title='bbox 353 2033 459 2098; x_wconf 85' lang='lat' dir='ltr'><strong>reddit</strong></span> <span class='ocrx_word' id='word_1_52' title='bbox 473 2035 620 2112; x_wconf 82' lang='lat' dir='ltr'><strong>invictos,</strong></span> <span class='ocrx_word' id='word_1_53' title='bbox 637 2047 671 2097; x_wconf 87' lang='lat' dir='ltr'><strong>ut</strong></span> <span class='ocrx_word' id='word_1_54' title='bbox 686 2033 773 2097; x_wconf 87' lang='lat' dir='ltr'><strong>etde</strong></span> <span class='ocrx_word' id='word_1_55' title='bbox 798 2031 986 2113; x_wconf 79' lang='lat' dir='ltr'><strong>Burgundio</strong></span> <span class='ocrx_word' id='word_1_56' title='bbox 1008 2045 1040 2095; x_wconf 91' lang='lat' dir='ltr'><strong>et</strong></span> <span class='ocrx_word' id='word_1_57' title='bbox 1063 2032 1157 2094; x_wconf 90' lang='lat' dir='ltr'><strong>ltalia</strong></span> <span class='ocrx_word' id='word_1_58' title='bbox 1178 2031 1213 2093; x_wconf 94' lang='lat' dir='ltr'><strong>in</strong></span> 
     </span>
     <span class='ocr_line' id='line_1_9' title="bbox 258 2132 1212 2215; baseline -0.002 -20"><span class='ocrx_word' id='word_1_59' title='bbox 258 2134 314 2196; x_wconf 87' lang='lat' dir='ltr'><strong>tali</strong></span> <span class='ocrx_word' id='word_1_60' title='bbox 329 2135 519 2198; x_wconf 87' lang='lat' dir='ltr'><strong>necessitate</strong></span> <span class='ocrx_word' id='word_1_61' title='bbox 534 2135 735 2215; x_wconf 78' lang='lat' dir='ltr'><strong>confugiatur</strong></span> <span class='ocrx_word' id='word_1_62' title='bbox 756 2133 798 2195; x_wconf 88' lang='lat' dir='ltr'><strong>ad</strong></span> <span class='ocrx_word' id='word_1_63' title='bbox 821 2132 937 2214; x_wconf 91' lang='lat' dir='ltr'><strong>ipsum.</strong></span> <span class='ocrx_word' id='word_1_64' title='bbox 984 2133 1069 2194; x_wconf 89' lang='lat' dir='ltr'><strong>Nam</strong></span> <span class='ocrx_word' id='word_1_65' title='bbox 1091 2142 1124 2195; x_wconf 88' lang='lat' dir='ltr'><strong>et</strong></span> <span class='ocrx_word' id='word_1_66' title='bbox 1146 2132 1212 2193; x_wconf 88' lang='lat' dir='ltr'><strong>Ro-</strong></span> 
     </span>
     <span class='ocr_line' id='line_1_10' title="bbox 258 2232 1214 2318; baseline -0.001 -22"><span class='ocrx_word' id='word_1_67' title='bbox 258 2234 367 2298; x_wconf 86' lang='lat' dir='ltr'><strong>bertus</strong></span> <span class='ocrx_word' id='word_1_68' title='bbox 382 2235 422 2298; x_wconf 89' lang='lat' dir='ltr'><strong>de</strong></span> <span class='ocrx_word' id='word_1_69' title='bbox 438 2236 626 2299; x_wconf 83' lang='lat' dir='ltr'><strong>Monteforti</strong></span> <span class='ocrx_word' id='word_1_70' title='bbox 649 2236 677 2300; x_wconf 90' lang='lat' dir='ltr'><strong>ei</strong></span> <span class='ocrx_word' id='word_1_71' title='bbox 700 2235 898 2318; x_wconf 84' lang='lat' dir='ltr'><strong>pernoctavit</strong></span> <span class='ocrx_word' id='word_1_72' title='bbox 920 2233 1072 2297; x_wconf 86' lang='lat' dir='ltr'><strong>adversus</strong></span> <span class='ocrx_word' id='word_1_73' title='bbox 1095 2232 1214 2296; x_wconf 91' lang='lat' dir='ltr'><strong>Heuri·</strong></span> 
     </span>
     <span class='ocr_line' id='line_1_11' title="bbox 260 2336 1213 2418; baseline -0.001 -20"><span class='ocrx_word' id='word_1_74' title='bbox 260 2356 333 2398; x_wconf 89' lang='lat' dir='ltr'><strong>cum</strong></span> <span class='ocrx_word' id='word_1_75' title='bbox 364 2337 404 2400; x_wconf 90' lang='lat' dir='ltr'><strong>dc</strong></span> <span class='ocrx_word' id='word_1_76' title='bbox 436 2337 575 2401; x_wconf 85' lang='lat' dir='ltr'><strong>Essexia</strong></span> <span class='ocrx_word' id='word_1_77' title='bbox 604 2337 820 2400; x_wconf 90' lang='lat' dir='ltr'><strong>dimicaturus.</strong></span> <span class='ocrx_word' id='word_1_78' title='bbox 881 2336 935 2400; x_wconf 91' lang='lat' dir='ltr'><strong>Sic</strong></span> <span class='ocrx_word' id='word_1_79' title='bbox 964 2357 1039 2418; x_wconf 81' lang='lat' dir='ltr'><strong>ergo</strong></span> <span class='ocrx_word' id='word_1_80' title='bbox 1073 2336 1213 2399; x_wconf 89' lang='lat' dir='ltr'><strong>Domino</strong></span> 
     </span>
     <span class='ocr_line' id='line_1_12' title="bbox 259 2433 1216 2521; baseline 0.001 -24"><span class='ocrx_word' id='word_1_81' title='bbox 259 2436 396 2501; x_wconf 82' lang='lat' dir='ltr'><strong>faciente</strong></span> <span class='ocrx_word' id='word_1_82' title='bbox 412 2437 524 2502; x_wconf 86' lang='lat' dir='ltr'><strong>delusa</strong></span> <span class='ocrx_word' id='word_1_83' title='bbox 539 2448 586 2501; x_wconf 90' lang='lat' dir='ltr'><strong>est</strong></span> <span class='ocrx_word' id='word_1_84' title='bbox 600 2437 782 2502; x_wconf 89' lang='lat' dir='ltr'><strong>sollicitudo</strong></span> <span class='ocrx_word' id='word_1_85' title='bbox 804 2433 1028 2521; x_wconf 88' lang='lat' dir='ltr'><strong>cpiscoporum</strong></span> <span class='ocrx_word' id='word_1_86' title='bbox 1050 2435 1216 2517; x_wconf 79' lang='lat' dir='ltr'><strong>regalium,</strong></span> 
     </span>
     <span class='ocr_line' id='line_1_13' title="bbox 260 2537 1213 2620; baseline -0.004 -19"><span class='ocrx_word' id='word_1_87' title='bbox 260 2537 337 2619; x_wconf 87' lang='lat' dir='ltr'><strong>quia</strong></span> <span class='ocrx_word' id='word_1_88' title='bbox 362 2558 461 2620; x_wconf 89' lang='lat' dir='ltr'><strong>quum</strong></span> <span class='ocrx_word' id='word_1_89' title='bbox 487 2538 647 2602; x_wconf 79' lang='lat' dir='ltr'><strong>venisseut</strong></span> <span class='ocrx_word' id='word_1_90' title='bbox 674 2538 911 2612; x_wconf 90' lang='lat' dir='ltr'><strong>Pontiniacum,</strong></span> <span class='ocrx_word' id='word_1_91' title='bbox 938 2538 1213 2620; x_wconf 89' lang='lat' dir='ltr'><strong>archiepiscopum</strong></span> 
     </span>
     <span class='ocr_line' id='line_1_14' title="bbox 262 2636 1214 2723; baseline -0.004 -20"><span class='ocrx_word' id='word_1_92' title='bbox 262 2660 356 2722; x_wconf 91' lang='lat' dir='ltr'><strong>quem</strong></span> <span class='ocrx_word' id='word_1_93' title='bbox 372 2639 571 2723; x_wconf 86' lang='lat' dir='ltr'><strong>appellarent</strong></span> <span class='ocrx_word' id='word_1_94' title='bbox 585 2659 649 2701; x_wconf 91' lang='lat' dir='ltr'><strong>non</strong></span> <span class='ocrx_word' id='word_1_95' title='bbox 665 2639 864 2713; x_wconf 85' lang='lat' dir='ltr'><strong>invenerunt,</strong></span> <span class='ocrx_word' id='word_1_96' title='bbox 879 2636 936 2701; x_wconf 90' lang='lat' dir='ltr'><strong>sed</strong></span> <span class='ocrx_word' id='word_1_97' title='bbox 952 2638 1089 2701; x_wconf 88' lang='lat' dir='ltr'><strong>fmstrati</strong></span> <span class='ocrx_word' id='word_1_98' title='bbox 1105 2659 1125 2700; x_wconf 86' lang='lat' dir='ltr'><strong>a</strong></span> <span class='ocrx_word' id='word_1_99' title='bbox 1141 2657 1214 2718; x_wconf 91' lang='lat' dir='ltr'><strong>pro·</strong></span> 
     </span>
     <span class='ocr_line' id='line_1_15' title="bbox 261 2739 1215 2823; baseline -0.003 -20"><span class='ocrx_word' id='word_1_100' title='bbox 261 2740 367 2823; x_wconf 90' lang='lat' dir='ltr'><strong>posito</strong></span> <span class='ocrx_word' id='word_1_101' title='bbox 383 2762 441 2804; x_wconf 87' lang='lat' dir='ltr'><strong>suo</strong></span> <span class='ocrx_word' id='word_1_102' title='bbox 457 2740 574 2803; x_wconf 85' lang='lat' dir='ltr'><strong>reversi</strong></span> <span class='ocrx_word' id='word_1_103' title='bbox 588 2751 675 2817; x_wconf 82' lang='lat' dir='ltr'><strong>suut,</strong></span> <span class='ocrx_word' id='word_1_104' title='bbox 690 2740 813 2822; x_wconf 88' lang='lat' dir='ltr'><strong>queruli</strong></span> <span class='ocrx_word' id='word_1_105' title='bbox 836 2739 913 2823; x_wconf 88' lang='lat' dir='ltr'><strong>quia</strong></span> <span class='ocrx_word' id='word_1_106' title='bbox 935 2761 993 2803; x_wconf 89' lang='lat' dir='ltr'><strong>sua</strong></span> <span class='ocrx_word' id='word_1_107' title='bbox 1008 2759 1215 2820; x_wconf 87' lang='lat' dir='ltr'><strong>consumpse·</strong></span> 
     </span>
     <span class='ocr_line' id='line_1_16' title="bbox 263 2842 937 2925; baseline -0.003 -20"><span class='ocrx_word' id='word_1_108' title='bbox 263 2852 344 2919; x_wconf 87' lang='lat' dir='ltr'><strong>rant,</strong></span> <span class='ocrx_word' id='word_1_109' title='bbox 358 2843 588 2918; x_wconf 86' lang='lat' dir='ltr'><strong>laboraverant,</strong></span> <span class='ocrx_word' id='word_1_110' title='bbox 603 2853 637 2906; x_wconf 90' lang='lat' dir='ltr'><strong>et</strong></span> <span class='ocrx_word' id='word_1_111' title='bbox 649 2863 717 2905; x_wconf 91' lang='lat' dir='ltr'><strong>non</strong></span> <span class='ocrx_word' id='word_1_112' title='bbox 732 2842 937 2925; x_wconf 82' lang='lat' dir='ltr'><strong>perfecerant.</strong></span> 
     </span>
     <span class='ocr_line' id='line_1_17' title="bbox 305 2943 1215 3026; baseline -0.001 -21"><span class='ocrx_word' id='word_1_113' title='bbox 305 2944 580 3026; x_wconf 82' lang='lat' dir='ltr'><strong>Archiepiscopus</strong></span> <span class='ocrx_word' id='word_1_114' title='bbox 596 2964 669 3004; x_wconf 83' lang='lat' dir='ltr'><strong>vero</strong></span> <span class='ocrx_word' id='word_1_115' title='bbox 692 2964 790 3025; x_wconf 91' lang='lat' dir='ltr'><strong>quum</strong></span> <span class='ocrx_word' id='word_1_116' title='bbox 812 2944 845 3005; x_wconf 91' lang='lat' dir='ltr'><strong>in</strong></span> <span class='ocrx_word' id='word_1_117' title='bbox 868 2943 1009 3026; x_wconf 77' lang='lat' dir='ltr'><strong>praefatis</strong></span> <span class='ocrx_word' id='word_1_118' title='bbox 1030 2952 1215 3006; x_wconf 89' lang='lat' dir='ltr'><strong>sanctorum</strong></span> 
     </span>
     <span class='ocr_line' id='line_1_18' title="bbox 262 3042 1216 3126; baseline -0.003 -20"><span class='ocrx_word' id='word_1_119' title='bbox 262 3044 424 3106; x_wconf 87' lang='lat' dir='ltr'><strong>memoriis</strong></span> <span class='ocrx_word' id='word_1_120' title='bbox 433 3042 539 3105; x_wconf 91' lang='lat' dir='ltr'><strong>triduo</strong></span> <span class='ocrx_word' id='word_1_121' title='bbox 551 3054 779 3126; x_wconf 88' lang='lat' dir='ltr'><strong>pernoctasset,</strong></span> <span class='ocrx_word' id='word_1_122' title='bbox 789 3042 842 3106; x_wconf 91' lang='lat' dir='ltr'><strong>die</strong></span> <span class='ocrx_word' id='word_1_123' title='bbox 854 3043 1001 3125; x_wconf 87' lang='lat' dir='ltr'><strong>proxima</strong></span> <span class='ocrx_word' id='word_1_124' title='bbox 1012 3055 1085 3123; x_wconf 89' lang='lat' dir='ltr'><strong>post</strong></span> <span class='ocrx_word' id='word_1_125' title='bbox 1098 3046 1216 3104; x_wconf 88' lang='lat' dir='ltr'><strong>Ascen-</strong></span> 
     </span>
     <span class='ocr_line' id='line_1_19' title="bbox 263 3140 1216 3227; baseline -0.004 -20"><span class='ocrx_word' id='word_1_126' title='bbox 263 3145 386 3207; x_wconf 90' lang='lat' dir='ltr'><strong>sionem</strong></span> <span class='ocrx_word' id='word_1_127' title='bbox 412 3163 519 3207; x_wconf 84' lang='lat' dir='ltr'><strong>versus</strong></span> <span class='ocrx_word' id='word_1_128' title='bbox 544 3143 745 3206; x_wconf 89' lang='lat' dir='ltr'><strong>Veziliaoum</strong></span> <span class='ocrx_word' id='word_1_129' title='bbox 768 3146 969 3227; x_wconf 87' lang='lat' dir='ltr'><strong>properabat,</strong></span> <span class='ocrx_word' id='word_1_130' title='bbox 984 3153 1020 3206; x_wconf 91' lang='lat' dir='ltr'><strong>ut</strong></span> <span class='ocrx_word' id='word_1_131' title='bbox 1041 3144 1085 3206; x_wconf 93' lang='lat' dir='ltr'><strong>ibi</strong></span> <span class='ocrx_word' id='word_1_132' title='bbox 1107 3143 1140 3204; x_wconf 92' lang='lat' dir='ltr'><strong>in</strong></span> <span class='ocrx_word' id='word_1_133' title='bbox 1163 3140 1216 3205; x_wconf 92' lang='lat' dir='ltr'><strong>die</strong></span> 
     </span>
     <span class='ocr_line' id='line_1_20' title="bbox 263 3243 1215 3327; baseline -0.003 -18"><span class='ocrx_word' id='word_1_134' title='bbox 263 3246 472 3309; x_wconf 86' lang='lat' dir='ltr'><strong>Pentecostes</strong></span> <span class='ocrx_word' id='word_1_135' title='bbox 487 3246 519 3308; x_wconf 92' lang='lat' dir='ltr'><strong>in</strong></span> <span class='ocrx_word' id='word_1_136' title='bbox 535 3267 652 3327; x_wconf 83' lang='lat' dir='ltr'><strong>regem,</strong></span> <span class='ocrx_word' id='word_1_137' title='bbox 665 3255 697 3308; x_wconf 89' lang='lat' dir='ltr'><strong>et</strong></span> <span class='ocrx_word' id='word_1_138' title='bbox 709 3267 783 3310; x_wconf 87' lang='lat' dir='ltr'><strong>suos</strong></span> <span class='ocrx_word' id='word_1_139' title='bbox 799 3246 1009 3310; x_wconf 81' lang='lat' dir='ltr'><strong>anathematis</strong></span> <span class='ocrx_word' id='word_1_140' title='bbox 1023 3243 1215 3309; x_wconf 89' lang='lat' dir='ltr'><strong>seutentiam</strong></span> 
     </span>
     <span class='ocr_line' id='line_1_21' title="bbox 263 3347 1214 3430; baseline -0.004 -18"><span class='ocrx_word' id='word_1_141' title='bbox 263 3347 363 3425; x_wconf 89' lang='lat' dir='ltr'><strong>daret,</strong></span> <span class='ocrx_word' id='word_1_142' title='bbox 374 3348 431 3411; x_wconf 87' lang='lat' dir='ltr'><strong>sed</strong></span> <span class='ocrx_word' id='word_1_143' title='bbox 445 3359 526 3412; x_wconf 90' lang='lat' dir='ltr'><strong>nutu</strong></span> <span class='ocrx_word' id='word_1_144' title='bbox 541 3348 650 3411; x_wconf 87' lang='lat' dir='ltr'><strong>divino</strong></span> <span class='ocrx_word' id='word_1_145' title='bbox 666 3350 810 3430; x_wconf 78' lang='lat' dir='ltr'><strong>contigit,</strong></span> <span class='ocrx_word' id='word_1_146' title='bbox 821 3360 857 3413; x_wconf 90' lang='lat' dir='ltr'><strong>ut</strong></span> <span class='ocrx_word' id='word_1_147' title='bbox 872 3350 947 3411; x_wconf 90' lang='lat' dir='ltr'><strong>dum</strong></span> <span class='ocrx_word' id='word_1_148' title='bbox 963 3358 1048 3411; x_wconf 87' lang='lat' dir='ltr'><strong>esset</strong></span> <span class='ocrx_word' id='word_1_149' title='bbox 1062 3350 1095 3410; x_wconf 91' lang='lat' dir='ltr'><strong>in</strong></span> <span class='ocrx_word' id='word_1_150' title='bbox 1110 3347 1214 3411; x_wconf 93' lang='lat' dir='ltr'><strong>eccle·</strong></span> 
     </span>
     <span class='ocr_line' id='line_1_22' title="bbox 263 3445 1217 3533; baseline -0.003 -23"><span class='ocrx_word' id='word_1_151' title='bbox 263 3447 311 3510; x_wconf 88' lang='lat' dir='ltr'><strong>sia</strong></span> <span class='ocrx_word' id='word_1_152' title='bbox 354 3448 542 3531; x_wconf 85' lang='lat' dir='ltr'><strong>Reginensi,</strong></span> <span class='ocrx_word' id='word_1_153' title='bbox 577 3450 635 3512; x_wconf 89' lang='lat' dir='ltr'><strong>Vl.</strong></span> <span class='ocrx_word' id='word_1_154' title='bbox 674 3450 752 3511; x_wconf 90' lang='lat' dir='ltr'><strong>feria</strong></span> <span class='ocrx_word' id='word_1_155' title='bbox 791 3448 980 3533; x_wconf 89' lang='lat' dir='ltr'><strong>jamdictam</strong></span> <span class='ocrx_word' id='word_1_156' title='bbox 1016 3445 1217 3530; x_wconf 78' lang='lat' dir='ltr'><strong>praecedente</strong></span> 
     </span>
     <span class='ocr_line' id='line_1_23' title="bbox 263 3545 1217 3620; baseline -0.002 -11"><span class='ocrx_word' id='word_1_157' title='bbox 263 3548 506 3620; x_wconf 84' lang='lat' dir='ltr'><strong>solemnitatem,</strong></span> <span class='ocrx_word' id='word_1_158' title='bbox 522 3548 709 3609; x_wconf 88' lang='lat' dir='ltr'><strong>nunciatum</strong></span> <span class='ocrx_word' id='word_1_159' title='bbox 725 3560 811 3610; x_wconf 87' lang='lat' dir='ltr'><strong>esset</strong></span> <span class='ocrx_word' id='word_1_160' title='bbox 825 3547 854 3608; x_wconf 88' lang='lat' dir='ltr'><strong>ei</strong></span> <span class='ocrx_word' id='word_1_161' title='bbox 875 3545 1049 3609; x_wconf 86' lang='lat' dir='ltr'><strong>certissime</strong></span> <span class='ocrx_word' id='word_1_162' title='bbox 1073 3554 1106 3607; x_wconf 91' lang='lat' dir='ltr'><strong>et</strong></span> <span class='ocrx_word' id='word_1_163' title='bbox 1121 3545 1217 3608; x_wconf 86' lang='lat' dir='ltr'><strong>reris·</strong></span> 
     </span>
     <span class='ocr_line' id='line_1_24' title="bbox 263 3645 1216 3730; baseline -0.001 -21"><span class='ocrx_word' id='word_1_164' title='bbox 263 3647 342 3709; x_wconf 90' lang='lat' dir='ltr'><strong>sime</strong></span> <span class='ocrx_word' id='word_1_165' title='bbox 358 3645 446 3730; x_wconf 90' lang='lat' dir='ltr'><strong>quod</strong></span> <span class='ocrx_word' id='word_1_166' title='bbox 466 3667 522 3709; x_wconf 87' lang='lat' dir='ltr'><strong>rex</strong></span> <span class='ocrx_word' id='word_1_167' title='bbox 538 3648 713 3728; x_wconf 81' lang='lat' dir='ltr'><strong>Anglornm</strong></span> <span class='ocrx_word' id='word_1_168' title='bbox 738 3647 924 3728; x_wconf 81' lang='lat' dir='ltr'><strong>gravissima</strong></span> <span class='ocrx_word' id='word_1_169' title='bbox 945 3648 1110 3711; x_wconf 88' lang='lat' dir='ltr'><strong>laborabat</strong></span> <span class='ocrx_word' id='word_1_170' title='bbox 1132 3645 1216 3709; x_wconf 88' lang='lat' dir='ltr'><strong>infir-</strong></span> 
     </span>
     <span class='ocr_line' id='line_1_25' title="bbox 264 3746 1216 3833; baseline 0.003 -24"><span class='ocrx_word' id='word_1_171' title='bbox 264 3746 383 3825; x_wconf 90' lang='lat' dir='ltr'><strong>mitate,</strong></span> <span class='ocrx_word' id='word_1_172' title='bbox 413 3757 449 3810; x_wconf 92' lang='lat' dir='ltr'><strong>ut</strong></span> <span class='ocrx_word' id='word_1_173' title='bbox 477 3748 518 3811; x_wconf 87' lang='lat' dir='ltr'><strong>ad</strong></span> <span class='ocrx_word' id='word_1_174' title='bbox 549 3748 744 3832; x_wconf 87' lang='lat' dir='ltr'><strong>colloquium</strong></span> <span class='ocrx_word' id='word_1_175' title='bbox 775 3749 859 3831; x_wconf 82' lang='lat' dir='ltr'><strong>regis</strong></span> <span class='ocrx_word' id='word_1_176' title='bbox 892 3748 1100 3827; x_wconf 85' lang='lat' dir='ltr'><strong>Francorum,</strong></span> <span class='ocrx_word' id='word_1_177' title='bbox 1128 3749 1216 3833; x_wconf 90' lang='lat' dir='ltr'><strong>quod</strong></span> 
     </span>
     <span class='ocr_line' id='line_1_26' title="bbox 264 3848 1219 3936; baseline 0.005 -26"><span class='ocrx_word' id='word_1_178' title='bbox 264 3849 365 3912; x_wconf 90' lang='lat' dir='ltr'><strong>multo</strong></span> <span class='ocrx_word' id='word_1_179' title='bbox 395 3848 565 3920; x_wconf 88' lang='lat' dir='ltr'><strong>desiderio,</strong></span> <span class='ocrx_word' id='word_1_180' title='bbox 596 3861 628 3912; x_wconf 89' lang='lat' dir='ltr'><strong>et</strong></span> <span class='ocrx_word' id='word_1_181' title='bbox 656 3851 780 3933; x_wconf 80' lang='lat' dir='ltr'><strong>magnis</strong></span> <span class='ocrx_word' id='word_1_182' title='bbox 817 3852 1003 3916; x_wconf 85' lang='lat' dir='ltr'><strong>muneribus</strong></span> <span class='ocrx_word' id='word_1_183' title='bbox 1031 3852 1219 3936; x_wconf 85' lang='lat' dir='ltr'><strong>expetierat,</strong></span> 
     </span>
     <span class='ocr_line' id='line_1_27' title="bbox 265 3949 1217 4036; baseline 0 -23"><span class='ocrx_word' id='word_1_184' title='bbox 265 3951 420 4014; x_wconf 88' lang='lat' dir='ltr'><strong>accedere</strong></span> <span class='ocrx_word' id='word_1_185' title='bbox 434 3972 499 4015; x_wconf 90' lang='lat' dir='ltr'><strong>non</strong></span> <span class='ocrx_word' id='word_1_186' title='bbox 515 3952 665 4036; x_wconf 88' lang='lat' dir='ltr'><strong>potuerit,</strong></span> <span class='ocrx_word' id='word_1_187' title='bbox 675 3951 732 4015; x_wconf 88' lang='lat' dir='ltr'><strong>sed</strong></span> <span class='ocrx_word' id='word_1_188' title='bbox 748 3953 869 4017; x_wconf 86' lang='lat' dir='ltr'><strong>miserit</strong></span> <span class='ocrx_word' id='word_1_189' title='bbox 883 3967 1090 4018; x_wconf 81' lang='lat' dir='ltr'><strong>excusatores</strong></span> <span class='ocrx_word' id='word_1_190' title='bbox 1107 3949 1217 4016; x_wconf 84' lang='lat' dir='ltr'><strong>Ricar-</strong></span> 
     </span>
     <span class='ocr_line' id='line_1_28' title="bbox 265 4048 1217 4136; baseline 0.002 -23"><span class='ocrx_word' id='word_1_191' title='bbox 265 4050 341 4114; x_wconf 91' lang='lat' dir='ltr'><strong>dum</strong></span> <span class='ocrx_word' id='word_1_192' title='bbox 357 4051 592 4116; x_wconf 87' lang='lat' dir='ltr'><strong>Pictaviensem</strong></span> <span class='ocrx_word' id='word_1_193' title='bbox 608 4062 641 4116; x_wconf 89' lang='lat' dir='ltr'><strong>et</strong></span> <span class='ocrx_word' id='word_1_194' title='bbox 657 4048 832 4117; x_wconf 86' lang='lat' dir='ltr'><strong>Ricardum</strong></span> <span class='ocrx_word' id='word_1_195' title='bbox 856 4050 897 4116; x_wconf 90' lang='lat' dir='ltr'><strong>de</strong></span> <span class='ocrx_word' id='word_1_196' title='bbox 915 4055 1057 4131; x_wconf 86' lang='lat' dir='ltr'><strong>Humaz,</strong></span> <span class='ocrx_word' id='word_1_197' title='bbox 1072 4054 1127 4136; x_wconf 91' lang='lat' dir='ltr'><strong>qui</strong></span> <span class='ocrx_word' id='word_1_198' title='bbox 1142 4074 1217 4116; x_wconf 87' lang='lat' dir='ltr'><strong>cau·</strong></span> 
     </span>
    </p>
   </div>
   <div class='ocr_carea' id='block_1_3' title="bbox 264 4154 1320 4239">
    <p class='ocr_par' dir='ltr' id='par_1_3' title="bbox 264 4154 1320 4239">
     <span class='ocr_line' id='line_1_29' title="bbox 264 4154 1320 4239; baseline -0.005 -23"><span class='ocrx_word' id='word_1_199' title='bbox 264 4174 330 4217; x_wconf 87' lang='lat' dir='ltr'><strong>sam</strong></span> <span class='ocrx_word' id='word_1_200' title='bbox 347 4154 429 4218; x_wconf 89' lang='lat' dir='ltr'><strong>hanc</strong></span> <span class='ocrx_word' id='word_1_201' title='bbox 445 4156 599 4220; x_wconf 73' lang='lat' dir='ltr'><strong>absentiae</strong></span> <span class='ocrx_word' id='word_1_202' title='bbox 615 4156 695 4239; x_wconf 90' lang='lat' dir='ltr'><strong>ejus,</strong></span> <span class='ocrx_word' id='word_1_203' title='bbox 706 4156 848 4239; x_wconf 70' lang='lat' dir='ltr'><strong>praestito</strong></span> <span class='ocrx_word' id='word_1_204' title='bbox 858 4156 1056 4239; x_wconf 86' lang='lat' dir='ltr'><strong>juramento,</strong></span> <span class='ocrx_word' id='word_1_205' title='bbox 1068 4155 1217 4217; x_wconf 88' lang='lat' dir='ltr'><strong>volebant</strong></span> <span class='ocrx_word' id='word_1_206' title='bbox 1316 4202 1320 4211; x_wconf 95' lang='lat'>.</span> 
     </span>
    </p>
   </div>
   <div class='ocr_carea' id='block_1_4' title="bbox 259 4256 1221 4948">
    <p class='ocr_par' dir='ltr' id='par_1_4' title="bbox 259 4256 1221 4948">
     <span class='ocr_line' id='line_1_30' title="bbox 263 4256 1218 4340; baseline 0.006 -26"><span class='ocrx_word' id='word_1_207' title='bbox 263 4265 412 4318; x_wconf 86' lang='lat' dir='ltr'><strong>astruere.</strong></span> <span class='ocrx_word' id='word_1_208' title='bbox 457 4257 531 4320; x_wconf 87' lang='lat' dir='ltr'><strong>Hac</strong></span> <span class='ocrx_word' id='word_1_209' title='bbox 547 4278 622 4338; x_wconf 81' lang='lat' dir='ltr'><strong>ergo</strong></span> <span class='ocrx_word' id='word_1_210' title='bbox 636 4258 759 4320; x_wconf 87' lang='lat' dir='ltr'><strong>ratione</strong></span> <span class='ocrx_word' id='word_1_211' title='bbox 782 4277 883 4340; x_wconf 90' lang='lat' dir='ltr'><strong>quum</strong></span> <span class='ocrx_word' id='word_1_212' title='bbox 905 4257 968 4321; x_wconf 91' lang='lat' dir='ltr'><strong>hoc</strong></span> <span class='ocrx_word' id='word_1_213' title='bbox 991 4278 1049 4340; x_wconf 89' lang='lat' dir='ltr'><strong>per</strong></span> <span class='ocrx_word' id='word_1_214' title='bbox 1069 4256 1218 4320; x_wconf 90' lang='lat' dir='ltr'><strong>nuntium</strong></span> 
     </span>
     <span class='ocr_line' id='line_1_31' title="bbox 264 4354 1220 4442; baseline 0.003 -24"><span class='ocrx_word' id='word_1_215' title='bbox 264 4356 363 4436; x_wconf 82' lang='lat' dir='ltr'><strong>Regis</strong></span> <span class='ocrx_word' id='word_1_216' title='bbox 390 4354 586 4420; x_wconf 86' lang='lat' dir='ltr'><strong>Francorum</strong></span> <span class='ocrx_word' id='word_1_217' title='bbox 615 4356 806 4420; x_wconf 86' lang='lat' dir='ltr'><strong>innotuisset</strong></span> <span class='ocrx_word' id='word_1_218' title='bbox 832 4357 1085 4442; x_wconf 90' lang='lat' dir='ltr'><strong>archiepiscopo,</strong></span> <span class='ocrx_word' id='word_1_219' title='bbox 1107 4358 1141 4419; x_wconf 91' lang='lat' dir='ltr'><strong>in</strong></span> <span class='ocrx_word' id='word_1_220' title='bbox 1172 4380 1220 4421; x_wconf 88' lang='lat' dir='ltr'><strong>re·</strong></span> 
     </span>
     <span class='ocr_line' id='line_1_32' title="bbox 266 4456 1221 4538; baseline 0.005 -20"><span class='ocrx_word' id='word_1_221' title='bbox 266 4477 338 4538; x_wconf 81' lang='lat' dir='ltr'><strong>gem</strong></span> <span class='ocrx_word' id='word_1_222' title='bbox 350 4456 538 4519; x_wconf 85' lang='lat' dir='ltr'><strong>sententiam</strong></span> <span class='ocrx_word' id='word_1_223' title='bbox 549 4458 630 4520; x_wconf 85' lang='lat' dir='ltr'><strong>ferre</strong></span> <span class='ocrx_word' id='word_1_224' title='bbox 642 4456 776 4535; x_wconf 88' lang='lat' dir='ltr'><strong>distulit,</strong></span> <span class='ocrx_word' id='word_1_225' title='bbox 786 4458 870 4520; x_wconf 89' lang='lat' dir='ltr'><strong>sicut</strong></span> <span class='ocrx_word' id='word_1_226' title='bbox 885 4459 913 4521; x_wconf 91' lang='lat' dir='ltr'><strong>ei</strong></span> <span class='ocrx_word' id='word_1_227' title='bbox 928 4471 1002 4523; x_wconf 90' lang='lat' dir='ltr'><strong>ante</strong></span> <span class='ocrx_word' id='word_1_228' title='bbox 1018 4460 1221 4523; x_wconf 89' lang='lat' dir='ltr'><strong>consuluerat</strong></span> 
     </span>
     <span class='ocr_line' id='line_1_33' title="bbox 264 4557 1220 4644; baseline 0.005 -24"><span class='ocrx_word' id='word_1_229' title='bbox 264 4559 408 4623; x_wconf 88' lang='lat' dir='ltr'><strong>Joaunes</strong></span> <span class='ocrx_word' id='word_1_230' title='bbox 423 4567 527 4621; x_wconf 84' lang='lat' dir='ltr'><strong>vester</strong></span> <span class='ocrx_word' id='word_1_231' title='bbox 548 4557 696 4636; x_wconf 89' lang='lat' dir='ltr'><strong>suadens,</strong></span> <span class='ocrx_word' id='word_1_232' title='bbox 711 4580 753 4622; x_wconf 87' lang='lat' dir='ltr'><strong>ne</strong></span> <span class='ocrx_word' id='word_1_233' title='bbox 769 4558 810 4621; x_wconf 89' lang='lat' dir='ltr'><strong>ad</strong></span> <span class='ocrx_word' id='word_1_234' title='bbox 829 4561 1048 4642; x_wconf 76' lang='lat' dir='ltr'><strong>penitentiam</strong></span> <span class='ocrx_word' id='word_1_235' title='bbox 1070 4580 1220 4644; x_wconf 89' lang='lat' dir='ltr'><strong>propera·</strong></span> 
     </span>
     <span class='ocr_line' id='line_1_34' title="bbox 264 4659 1219 4746; baseline 0.004 -25"><span class='ocrx_word' id='word_1_236' title='bbox 264 4669 319 4721; x_wconf 88' lang='lat' dir='ltr'><strong>ret.</strong></span> <span class='ocrx_word' id='word_1_237' title='bbox 363 4660 522 4723; x_wconf 89' lang='lat' dir='ltr'><strong>Joaunem</strong></span> <span class='ocrx_word' id='word_1_238' title='bbox 547 4681 622 4723; x_wconf 82' lang='lat' dir='ltr'><strong>vero</strong></span> <span class='ocrx_word' id='word_1_239' title='bbox 649 4659 689 4723; x_wconf 89' lang='lat' dir='ltr'><strong>de</strong></span> <span class='ocrx_word' id='word_1_240' title='bbox 713 4659 911 4723; x_wconf 86' lang='lat' dir='ltr'><strong>Oxeneford.</strong></span> <span class='ocrx_word' id='word_1_241' title='bbox 938 4662 1069 4746; x_wconf 91' lang='lat' dir='ltr'><strong>publice</strong></span> <span class='ocrx_word' id='word_1_242' title='bbox 1097 4663 1219 4725; x_wconf 90' lang='lat' dir='ltr'><strong>denun-</strong></span> 
     </span>
     <span class='ocr_line' id='line_1_35' title="bbox 263 4759 1218 4845; baseline 0.004 -23"><span class='ocrx_word' id='word_1_243' title='bbox 263 4761 354 4822; x_wconf 86' lang='lat' dir='ltr'><strong>tiarit</strong></span> <span class='ocrx_word' id='word_1_244' title='bbox 367 4759 697 4838; x_wconf 87' lang='lat' dir='ltr'><strong>excommunicatum,</strong></span> <span class='ocrx_word' id='word_1_245' title='bbox 708 4770 742 4823; x_wconf 88' lang='lat' dir='ltr'><strong>et</strong></span> <span class='ocrx_word' id='word_1_246' title='bbox 756 4760 945 4825; x_wconf 87' lang='lat' dir='ltr'><strong>auctoritate</strong></span> <span class='ocrx_word' id='word_1_247' title='bbox 959 4763 1098 4826; x_wconf 87' lang='lat' dir='ltr'><strong>Romani</strong></span> <span class='ocrx_word' id='word_1_248' title='bbox 1113 4764 1218 4845; x_wconf 89' lang='lat' dir='ltr'><strong>ponti·</strong></span> 
     </span>
     <span class='ocr_line' id='line_1_36' title="bbox 259 4859 1220 4948; baseline 0.004 -23"><span class='ocrx_word' id='word_1_249' title='bbox 259 4862 333 4926; x_wconf 86' lang='lat' dir='ltr'><strong>ficis</strong></span> <span class='ocrx_word' id='word_1_250' title='bbox 348 4863 647 4941; x_wconf 85' lang='lat' dir='ltr'><strong>excommunicarit,</strong></span> <span class='ocrx_word' id='word_1_251' title='bbox 662 4876 697 4925; x_wconf 92' lang='lat' dir='ltr'><strong>ut</strong></span> <span class='ocrx_word' id='word_1_252' title='bbox 712 4859 816 4925; x_wconf 80' lang='lat' dir='ltr'><strong>verbis</strong></span> <span class='ocrx_word' id='word_1_253' title='bbox 838 4861 907 4948; x_wconf 89' lang='lat' dir='ltr'><strong>ejus</strong></span> <span class='ocrx_word' id='word_1_254' title='bbox 923 4873 1004 4943; x_wconf 91' lang='lat' dir='ltr'><strong>utar,</strong></span> <span class='ocrx_word' id='word_1_255' title='bbox 1019 4886 1058 4928; x_wconf 93' lang='lat' dir='ltr'><strong>eo</strong></span> <span class='ocrx_word' id='word_1_256' title='bbox 1082 4866 1170 4948; x_wconf 89' lang='lat' dir='ltr'><strong>quod</strong></span> <span class='ocrx_word' id='word_1_257' title='bbox 1186 4866 1220 4929; x_wconf 90' lang='lat' dir='ltr'><strong>iu</strong></span> 
     </span>
    </p>
   </div>
   <div class='ocr_carea' id='block_1_5' title="bbox 713 4968 770 5035">
    <p class='ocr_par' dir='ltr' id='par_1_5' title="bbox 713 4968 770 5035">
     <span class='ocr_line' id='line_1_37' title="bbox 713 4968 770 5035; baseline 0 -11"><span class='ocrx_word' id='word_1_258' title='bbox 713 4968 770 5035; x_wconf 66' lang='lat' dir='ltr'><strong>ot</strong></span> 
     </span>
    </p>
   </div>
   <div class='ocr_carea' id='block_1_6' title="bbox 0 0 1669 6434">
    <p class='ocr_par' dir='ltr' id='par_1_6' title="bbox 0 0 1669 6434">
     <span class='ocr_line' id='line_1_38' title="bbox 0 0 1669 6434; baseline 0 0"><span class='ocrx_word' id='word_1_259' title='bbox 0 0 1669 6434; x_wconf 95' lang='lat' dir='ltr'><strong> </strong></span> 
     </span>
    </p>
   </div>
  </div>
 </body>
</html>
